<?xml version="1.0" encoding="UTF-8"?>
<alto xmlns="http://www.loc.gov/standards/alto/ns-v2#" xmlns:xsi="http://www.w3.org/2001/XMLSchema-instance" xsi:schemaLocation="http://www.loc.gov/standards/alto/ns-v2# http://www.loc.gov/standards/alto/alto.xsd">
  <Description>
    <MeasurementUnit>pixel</MeasurementUnit>
    <sourceImageInformation />
    <OCRProcessing ID="OCR_1">
      <preProcessingStep>
        <processingDateTime>2019-06-20T02:48:14</processingDateTime>
        <processingAgency>intranda GmbH, www.intranda.com</processingAgency>
        <processingSoftware>
          <softwareCreator>intranda GmbH, Germany</softwareCreator>
          <softwareName>intranda OCR Module for TaskManager</softwareName>
          <softwareVersion>1.0r42</softwareVersion>
        </processingSoftware>
      </preProcessingStep>
      <ocrProcessingStep>
        <processingSoftware>
          <softwareCreator>Tesseract contributors</softwareCreator>
          <softwareName>Tesseract Open Source OCR Engine</softwareName>
          <softwareVersion>4.0.0-beta.1-270-g5a56</softwareVersion>
        </processingSoftware>
      </ocrProcessingStep>
    </OCRProcessing>
  </Description>
  <Layout>
    <Page ID="PAGE_1" HEIGHT="1608" WIDTH="1192" PHYSICAL_IMG_NR="1">
      <PrintSpace ID="PrintSpace_1" HPOS="0" VPOS="0" HEIGHT="1608" WIDTH="1192">
        <TextBlock ID="TextBlock_1" HPOS="66" VPOS="94" HEIGHT="49" WIDTH="829">
          <TextLine ID="TextLine_1" HPOS="66" VPOS="94" HEIGHT="49" WIDTH="829">
            <String ID="Textword_1" HPOS="66" VPOS="118" HEIGHT="25" WIDTH="51" CONTENT="2" WC="0,68" />
            <String ID="Textword_2" HPOS="186" VPOS="100" HEIGHT="38" WIDTH="434" CONTENT="DISSERTATIO" WC="0,50" />
            <String ID="Textword_3" HPOS="660" VPOS="94" HEIGHT="31" WIDTH="235" CONTENT="MEDICA" WC="0,82" />
          </TextLine>
        </TextBlock>
        <TextBlock ID="TextBlock_2" HPOS="71" VPOS="148" HEIGHT="1398" WIDTH="994">
          <TextLine ID="TextLine_2" HPOS="88" VPOS="148" HEIGHT="54" WIDTH="942">
            <String ID="Textword_4" HPOS="88" VPOS="197" HEIGHT="5" WIDTH="3" CONTENT="," WC="0,05" />
            <String ID="Textword_5" HPOS="110" VPOS="170" HEIGHT="27" WIDTH="139" CONTENT="Subftantia" WC="0,83" />
            <String ID="Textword_6" HPOS="268" VPOS="164" HEIGHT="28" WIDTH="151" CONTENT="moleculofa." WC="0,82" />
            <String ID="Textword_7" HPOS="452" VPOS="163" HEIGHT="25" WIDTH="114" CONTENT="Adtiones" WC="0,79" />
            <String ID="Textword_8" HPOS="585" VPOS="158" HEIGHT="25" WIDTH="171" CONTENT="multiformes:" WC="0,58" />
            <String ID="Textword_9" HPOS="774" VPOS="153" HEIGHT="32" WIDTH="157" CONTENT="Progrediens" WC="0,90" />
            <String ID="Textword_10" HPOS="947" VPOS="148" HEIGHT="33" WIDTH="83" CONTENT="crifpa-" WC="0,92" />
          </TextLine>
          <TextLine ID="TextLine_3" HPOS="71" VPOS="182" HEIGHT="50" WIDTH="962">
            <String ID="Textword_11" HPOS="71" VPOS="212" HEIGHT="18" WIDTH="40" CONTENT="tur" WC="0,81" />
            <String ID="Textword_12" HPOS="130" VPOS="205" HEIGHT="24" WIDTH="37" CONTENT="vel" WC="0,92" />
            <String ID="Textword_13" HPOS="181" VPOS="202" HEIGHT="30" WIDTH="107" CONTENT="undatim" WC="0,88" />
            <String ID="Textword_14" HPOS="306" VPOS="198" HEIGHT="26" WIDTH="98" CONTENT="flutuat" WC="0,56" />
            <String ID="Textword_15" HPOS="421" VPOS="197" HEIGHT="24" WIDTH="24" CONTENT="in" WC="0,93" />
            <String ID="Textword_16" HPOS="460" VPOS="192" HEIGHT="28" WIDTH="199" CONTENT="circumferentia." WC="0,87" />
            <String ID="Textword_17" HPOS="678" VPOS="187" HEIGHT="33" WIDTH="117" CONTENT="Aquatica" WC="0,83" />
            <String ID="Textword_18" HPOS="810" VPOS="187" HEIGHT="23" WIDTH="24" CONTENT="in" WC="0,93" />
            <String ID="Textword_19" HPOS="849" VPOS="185" HEIGHT="32" WIDTH="134" CONTENT="ftagnorum" WC="0,79" />
            <String ID="Textword_20" HPOS="996" VPOS="182" HEIGHT="25" WIDTH="37" CONTENT="fü-" WC="0,78" />
          </TextLine>
          <TextLine ID="TextLine_4" HPOS="75" VPOS="215" HEIGHT="55" WIDTH="959">
            <String ID="Textword_21" HPOS="75" VPOS="238" HEIGHT="32" WIDTH="97" CONTENT="perficie" WC="0,92" />
            <String ID="Textword_22" HPOS="182" VPOS="237" HEIGHT="29" WIDTH="70" CONTENT="faepe" WC="0,91" />
            <String ID="Textword_23" HPOS="268" VPOS="233" HEIGHT="32" WIDTH="79" CONTENT="fupina" WC="0,87" />
            <String ID="Textword_24" HPOS="363" VPOS="235" HEIGHT="23" WIDTH="80" CONTENT="natat," WC="0,92" />
            <String ID="Textword_25" HPOS="460" VPOS="228" HEIGHT="32" WIDTH="86" CONTENT="plantis" WC="0,87" />
            <String ID="Textword_26" HPOS="557" VPOS="222" HEIGHT="28" WIDTH="121" CONTENT="fubmerfis" WC="0,52" />
            <String ID="Textword_27" HPOS="690" VPOS="222" HEIGHT="31" WIDTH="135" CONTENT="plerumque" WC="0,60" />
            <String ID="Textword_28" HPOS="836" VPOS="218" HEIGHT="23" WIDTH="137" CONTENT="adhaerens." WC="0,79" />
            <String ID="Textword_29" HPOS="996" VPOS="215" HEIGHT="24" WIDTH="38" CONTENT="Bi-" WC="0,93" />
          </TextLine>
          <TextLine ID="TextLine_5" HPOS="76" VPOS="249" HEIGHT="49" WIDTH="959">
            <String ID="Textword_30" HPOS="76" VPOS="272" HEIGHT="24" WIDTH="120" CONTENT="laria.ova" WC="0,87" />
            <String ID="Textword_31" HPOS="216" VPOS="268" HEIGHT="30" WIDTH="103" CONTENT="oblonga" WC="0,91" />
            <String ID="Textword_32" HPOS="336" VPOS="268" HEIGHT="21" WIDTH="154" CONTENT="concatenata" WC="0,92" />
            <String ID="Textword_33" HPOS="508" VPOS="260" HEIGHT="24" WIDTH="42" CONTENT="bili" WC="0,93" />
            <String ID="Textword_34" HPOS="563" VPOS="257" HEIGHT="25" WIDTH="117" CONTENT="immifeet" WC="0,79" />
            <String ID="Textword_35" HPOS="690" VPOS="274" HEIGHT="11" WIDTH="7" CONTENT="," WC="0,89" />
            <String ID="Textword_36" HPOS="722" VPOS="251" HEIGHT="34" WIDTH="71" CONTENT="duplo" WC="0,92" />
            <String ID="Textword_37" HPOS="814" VPOS="250" HEIGHT="25" WIDTH="38" CONTENT="vel" WC="0,92" />
            <String ID="Textword_38" HPOS="872" VPOS="249" HEIGHT="30" WIDTH="71" CONTENT="triplo" WC="0,92" />
            <String ID="Textword_39" HPOS="960" VPOS="249" HEIGHT="31" WIDTH="75" CONTENT="major" WC="0,96" />
          </TextLine>
          <TextLine ID="TextLine_6" HPOS="78" VPOS="290" HEIGHT="45" WIDTH="771">
            <String ID="Textword_40" HPOS="78" VPOS="303" HEIGHT="32" WIDTH="108" CONTENT="aquatica" WC="0,92" />
            <String ID="Textword_41" HPOS="199" VPOS="308" HEIGHT="25" WIDTH="60" CONTENT="quae" WC="0,93" />
            <String ID="Textword_42" HPOS="272" VPOS="295" HEIGHT="28" WIDTH="207" CONTENT="femineLeviftici" WC="0,41" />
            <String ID="Textword_43" HPOS="489" VPOS="294" HEIGHT="23" WIDTH="42" CONTENT="vix" WC="0,92" />
            <String ID="Textword_44" HPOS="541" VPOS="291" HEIGHT="32" WIDTH="71" CONTENT="duplo" WC="0,93" />
            <String ID="Textword_45" HPOS="623" VPOS="290" HEIGHT="31" WIDTH="81" CONTENT="major." WC="0,96" />
            <String ID="Textword_46" HPOS="844" VPOS="297" HEIGHT="5" WIDTH="5" CONTENT="-" WC="0,00" />
          </TextLine>
          <TextLine ID="TextLine_7" HPOS="112" VPOS="312" HEIGHT="55" WIDTH="926">
            <String ID="Textword_47" HPOS="112" VPOS="334" HEIGHT="33" WIDTH="143" CONTENT="Hepaticum" WC="0,88" />
            <String ID="Textword_48" HPOS="275" VPOS="330" HEIGHT="26" WIDTH="94" CONTENT="duttum" WC="0,00" />
            <String ID="Textword_49" HPOS="387" VPOS="336" HEIGHT="25" WIDTH="41" CONTENT="per" WC="0,92" />
            <String ID="Textword_50" HPOS="447" VPOS="334" HEIGHT="16" WIDTH="82" CONTENT="omnes" WC="0,62" />
            <String ID="Textword_51" HPOS="546" VPOS="331" HEIGHT="21" WIDTH="90" CONTENT="ramos," WC="0,91" />
            <String ID="Textword_52" HPOS="659" VPOS="321" HEIGHT="32" WIDTH="113" CONTENT="cylticum" WC="0,79" />
            <String ID="Textword_53" HPOS="792" VPOS="315" HEIGHT="35" WIDTH="160" CONTENT="cyltidemque" WC="0,00" />
            <String ID="Textword_54" HPOS="964" VPOS="312" HEIGHT="32" WIDTH="74" CONTENT="ipfam" WC="0,92" />
          </TextLine>
          <TextLine ID="TextLine_8" HPOS="79" VPOS="346" HEIGHT="48" WIDTH="960">
            <String ID="Textword_55" HPOS="79" VPOS="369" HEIGHT="25" WIDTH="24" CONTENT="in" WC="0,93" />
            <String ID="Textword_56" HPOS="117" VPOS="368" HEIGHT="24" WIDTH="77" CONTENT="multis" WC="0,91" />
            <String ID="Textword_57" HPOS="211" VPOS="363" HEIGHT="27" WIDTH="163" CONTENT="mammalibus" WC="0,91" />
            <String ID="Textword_58" HPOS="395" VPOS="359" HEIGHT="28" WIDTH="128" CONTENT="infeftant," WC="0,85" />
            <String ID="Textword_59" HPOS="546" VPOS="357" HEIGHT="24" WIDTH="26" CONTENT="&amp;" WC="0,92" />
            <String ID="Textword_60" HPOS="590" VPOS="357" HEIGHT="23" WIDTH="71" CONTENT="bilem" WC="0,91" />
            <String ID="Textword_61" HPOS="671" VPOS="352" HEIGHT="26" WIDTH="177" CONTENT="dulcefcentem" WC="0,83" />
            <String ID="Textword_62" HPOS="867" VPOS="356" HEIGHT="24" WIDTH="70" CONTENT="atque" WC="0,90" />
            <String ID="Textword_63" HPOS="948" VPOS="346" HEIGHT="25" WIDTH="91" CONTENT="fatuam" WC="0,91" />
          </TextLine>
          <TextLine ID="TextLine_9" HPOS="79" VPOS="378" HEIGHT="50" WIDTH="961">
            <String ID="Textword_64" HPOS="79" VPOS="401" HEIGHT="27" WIDTH="110" CONTENT="reddunt." WC="0,91" />
            <String ID="Textword_65" HPOS="225" VPOS="400" HEIGHT="22" WIDTH="26" CONTENT="In" WC="0,91" />
            <String ID="Textword_66" HPOS="263" VPOS="403" HEIGHT="18" WIDTH="75" CONTENT="venae" WC="0,91" />
            <String ID="Textword_67" HPOS="354" VPOS="395" HEIGHT="24" WIDTH="120" CONTENT="Portarum" WC="0,92" />
            <String ID="Textword_68" HPOS="497" VPOS="390" HEIGHT="33" WIDTH="121" CONTENT="fyftemate" WC="0,72" />
            <String ID="Textword_69" HPOS="635" VPOS="387" HEIGHT="25" WIDTH="25" CONTENT="&amp;" WC="0,93" />
            <String ID="Textword_70" HPOS="674" VPOS="388" HEIGHT="23" WIDTH="24" CONTENT="in" WC="0,93" />
            <String ID="Textword_71" HPOS="712" VPOS="386" HEIGHT="23" WIDTH="65" CONTENT="Cava" WC="0,93" />
            <String ID="Textword_72" HPOS="794" VPOS="389" HEIGHT="25" WIDTH="104" CONTENT="repertas" WC="0,92" />
            <String ID="Textword_73" HPOS="909" VPOS="379" HEIGHT="25" WIDTH="66" CONTENT="fuiffe" WC="0,90" />
            <String ID="Textword_74" HPOS="989" VPOS="378" HEIGHT="32" WIDTH="51" CONTENT="qui-" WC="0,93" />
          </TextLine>
          <TextLine ID="TextLine_10" HPOS="82" VPOS="411" HEIGHT="54" WIDTH="957">
            <String ID="Textword_75" HPOS="82" VPOS="435" HEIGHT="24" WIDTH="54" CONTENT="dam" WC="0,88" />
            <String ID="Textword_76" HPOS="144" VPOS="432" HEIGHT="33" WIDTH="164" CONTENT="'prodiderunt" WC="0,00" />
            <String ID="Textword_77" HPOS="319" VPOS="446" HEIGHT="12" WIDTH="8" CONTENT="," WC="0,61" />
            <String ID="Textword_78" HPOS="348" VPOS="428" HEIGHT="23" WIDTH="34" CONTENT="uti" WC="0,88" />
            <String ID="Textword_79" HPOS="400" VPOS="426" HEIGHT="32" WIDTH="85" CONTENT="legitur" WC="0,89" />
            <String ID="Textword_80" HPOS="501" VPOS="432" HEIGHT="16" WIDTH="20" CONTENT="e." WC="0,89" />
            <String ID="Textword_81" HPOS="541" VPOS="431" HEIGHT="16" WIDTH="20" CONTENT="c." WC="0,92" />
            <String ID="Textword_82" HPOS="580" VPOS="423" HEIGHT="23" WIDTH="23" CONTENT="in" WC="0,93" />
            <String ID="Textword_83" HPOS="621" VPOS="420" HEIGHT="25" WIDTH="71" CONTENT="Mife." WC="0,91" />
            <String ID="Textword_84" HPOS="711" VPOS="424" HEIGHT="17" WIDTH="48" CONTENT="nat." WC="0,95" />
            <String ID="Textword_85" HPOS="790" VPOS="417" HEIGHT="23" WIDTH="61" CONTENT="Dec." WC="0,96" />
            <String ID="Textword_86" HPOS="872" VPOS="414" HEIGHT="23" WIDTH="17" CONTENT="I." WC="0,96" />
            <String ID="Textword_87" HPOS="915" VPOS="414" HEIGHT="22" WIDTH="62" CONTENT="Ann." WC="0,96" />
            <String ID="Textword_88" HPOS="993" VPOS="411" HEIGHT="25" WIDTH="46" CONTENT="VI." WC="0,89" />
          </TextLine>
          <TextLine ID="TextLine_11" HPOS="81" VPOS="443" HEIGHT="50" WIDTH="959">
            <String ID="Textword_89" HPOS="81" VPOS="468" HEIGHT="24" WIDTH="59" CONTENT="VL." WC="0,52" />
            <String ID="Textword_90" HPOS="160" VPOS="465" HEIGHT="25" WIDTH="48" CONTENT="obf." WC="0,90" />
            <String ID="Textword_91" HPOS="231" VPOS="466" HEIGHT="27" WIDTH="52" CONTENT="189." WC="0,94" />
            <String ID="Textword_92" HPOS="307" VPOS="468" HEIGHT="18" WIDTH="25" CONTENT="ar" WC="0,84" />
            <String ID="Textword_93" HPOS="349" VPOS="461" HEIGHT="24" WIDTH="22" CONTENT="in" WC="0,93" />
            <String ID="Textword_94" HPOS="389" VPOS="457" HEIGHT="33" WIDTH="137" CONTENT="fanguiferis" WC="0,92" />
            <String ID="Textword_95" HPOS="544" VPOS="454" HEIGHT="25" WIDTH="58" CONTENT="vafis" WC="0,91" />
            <String ID="Textword_96" HPOS="618" VPOS="458" HEIGHT="25" WIDTH="118" CONTENT="nunguam" WC="0,91" />
            <String ID="Textword_97" HPOS="754" VPOS="448" HEIGHT="31" WIDTH="97" CONTENT="reperiri" WC="0,92" />
            <String ID="Textword_98" HPOS="863" VPOS="444" HEIGHT="26" WIDTH="139" CONTENT="Schaeferus" WC="0,91" />
            <String ID="Textword_99" HPOS="1015" VPOS="443" HEIGHT="25" WIDTH="25" CONTENT="&amp;" WC="0,93" />
          </TextLine>
          <TextLine ID="TextLine_12" HPOS="84" VPOS="477" HEIGHT="47" WIDTH="956">
            <String ID="Textword_100" HPOS="84" VPOS="500" HEIGHT="24" WIDTH="93" CONTENT="Bidlous" WC="0,89" />
            <String ID="Textword_101" HPOS="189" VPOS="497" HEIGHT="24" WIDTH="100" CONTENT="allerunt" WC="0,40" />
            <String ID="Textword_102" HPOS="300" VPOS="495" HEIGHT="24" WIDTH="23" CONTENT="in" WC="0,93" />
            <String ID="Textword_103" HPOS="338" VPOS="494" HEIGHT="24" WIDTH="44" CONTENT="fuis" WC="0,76" />
            <String ID="Textword_104" HPOS="389" VPOS="490" HEIGHT="32" WIDTH="165" CONTENT="monographiis." WC="0,84" />
            <String ID="Textword_105" HPOS="563" VPOS="487" HEIGHT="25" WIDTH="108" CONTENT="Maxima" WC="0,93" />
            <String ID="Textword_106" HPOS="681" VPOS="489" HEIGHT="18" WIDTH="78" CONTENT="autem" WC="0,88" />
            <String ID="Textword_107" HPOS="771" VPOS="481" HEIGHT="31" WIDTH="69" CONTENT="copia" WC="0,92" />
            <String ID="Textword_108" HPOS="854" VPOS="479" HEIGHT="29" WIDTH="72" CONTENT="hepar" WC="0,92" />
            <String ID="Textword_109" HPOS="934" VPOS="477" HEIGHT="24" WIDTH="106" CONTENT="obfidere" WC="0,91" />
          </TextLine>
          <TextLine ID="TextLine_13" HPOS="80" VPOS="509" HEIGHT="50" WIDTH="962">
            <String ID="Textword_110" HPOS="80" VPOS="533" HEIGHT="26" WIDTH="94" CONTENT="folent," WC="0,52" />
            <String ID="Textword_111" HPOS="192" VPOS="530" HEIGHT="23" WIDTH="26" CONTENT="&amp;" WC="0,89" />
            <String ID="Textword_112" HPOS="235" VPOS="529" HEIGHT="23" WIDTH="93" CONTENT="morbos" WC="0,91" />
            <String ID="Textword_113" HPOS="340" VPOS="524" HEIGHT="25" WIDTH="123" CONTENT="endemios" WC="0,91" />
            <String ID="Textword_114" HPOS="475" VPOS="528" HEIGHT="24" WIDTH="99" CONTENT="gregum" WC="0,93" />
            <String ID="Textword_115" HPOS="587" VPOS="521" HEIGHT="23" WIDTH="205" CONTENT="armentorumque" WC="0,77" />
            <String ID="Textword_116" HPOS="793" VPOS="512" HEIGHT="31" WIDTH="145" CONTENT="producunt" WC="0,67" />
            <String ID="Textword_117" HPOS="945" VPOS="509" HEIGHT="28" WIDTH="97" CONTENT=";övibus" WC="0,56" />
          </TextLine>
          <TextLine ID="TextLine_14" HPOS="83" VPOS="547" HEIGHT="50" WIDTH="962">
            <String ID="Textword_118" HPOS="83" VPOS="563" HEIGHT="34" WIDTH="137" CONTENT="praefertim" WC="0,92" />
            <String ID="Textword_119" HPOS="234" VPOS="559" HEIGHT="25" WIDTH="89" CONTENT="fatales." WC="0,88" />
            <String ID="Textword_120" HPOS="336" VPOS="559" HEIGHT="21" WIDTH="35" CONTENT="Ita" WC="0,85" />
            <String ID="Textword_121" HPOS="384" VPOS="555" HEIGHT="24" WIDTH="75" CONTENT="Annis" WC="0,90" />
            <String ID="Textword_122" HPOS="474" VPOS="554" HEIGHT="28" WIDTH="70" CONTENT="1663." WC="0,90" />
            <String ID="Textword_123" HPOS="558" VPOS="551" HEIGHT="24" WIDTH="26" CONTENT="&amp;" WC="0,90" />
            <String ID="Textword_124" HPOS="595" VPOS="552" HEIGHT="27" WIDTH="31" CONTENT="64" WC="0,96" />
            <String ID="Textword_125" HPOS="638" VPOS="548" HEIGHT="27" WIDTH="96" CONTENT="ovium," WC="0,65" />
            <String ID="Textword_126" HPOS="741" VPOS="547" HEIGHT="30" WIDTH="304" CONTENT="javencorum,cervorum" WC="0,40" />
          </TextLine>
          <TextLine ID="TextLine_15" HPOS="85" VPOS="574" HEIGHT="54" WIDTH="959">
            <String ID="Textword_127" HPOS="85" VPOS="603" HEIGHT="25" WIDTH="71" CONTENT="magna" WC="0,88" />
            <String ID="Textword_128" HPOS="160" VPOS="594" HEIGHT="31" WIDTH="110" CONTENT="ftrages" WC="0,90" />
            <String ID="Textword_129" HPOS="283" VPOS="599" HEIGHT="17" WIDTH="13" CONTENT="a" WC="0,93" />
            <String ID="Textword_130" HPOS="306" VPOS="588" HEIGHT="27" WIDTH="149" CONTENT="fafciolarum" WC="0,91" />
            <String ID="Textword_131" HPOS="462" VPOS="586" HEIGHT="24" WIDTH="83" CONTENT="morbo" WC="0,92" />
            <String ID="Textword_132" HPOS="557" VPOS="583" HEIGHT="24" WIDTH="103" CONTENT="exeitata" WC="0,91" />
            <String ID="Textword_133" HPOS="672" VPOS="579" HEIGHT="29" WIDTH="62" CONTENT="fuit," WC="0,91" />
            <String ID="Textword_134" HPOS="748" VPOS="577" HEIGHT="26" WIDTH="78" CONTENT="liberis" WC="0,93" />
            <String ID="Textword_135" HPOS="838" VPOS="576" HEIGHT="24" WIDTH="65" CONTENT="abeo" WC="0,61" />
            <String ID="Textword_136" HPOS="916" VPOS="574" HEIGHT="32" WIDTH="79" CONTENT="equis," WC="0,93" />
            <String ID="Textword_137" HPOS="1006" VPOS="580" HEIGHT="17" WIDTH="38" CONTENT="ca-" WC="0,93" />
          </TextLine>
          <TextLine ID="TextLine_16" HPOS="85" VPOS="608" HEIGHT="54" WIDTH="961">
            <String ID="Textword_138" HPOS="85" VPOS="630" HEIGHT="32" WIDTH="63" CONTENT="ptis," WC="0,65" />
            <String ID="Textword_139" HPOS="158" VPOS="627" HEIGHT="25" WIDTH="25" CONTENT="&amp;" WC="0,92" />
            <String ID="Textword_140" HPOS="196" VPOS="627" HEIGHT="24" WIDTH="84" CONTENT="fuibus." WC="0,90" />
            <String ID="Textword_141" HPOS="294" VPOS="625" HEIGHT="23" WIDTH="27" CONTENT="In" WC="0,96" />
            <String ID="Textword_142" HPOS="334" VPOS="624" HEIGHT="23" WIDTH="110" CONTENT="ovinorum" WC="0,23" />
            <String ID="Textword_143" HPOS="449" VPOS="619" HEIGHT="33" WIDTH="103" CONTENT="foetuum" WC="0,92" />
            <String ID="Textword_144" HPOS="564" VPOS="623" HEIGHT="18" WIDTH="66" CONTENT="utero" WC="0,57" />
            <String ID="Textword_145" HPOS="640" VPOS="613" HEIGHT="25" WIDTH="77" CONTENT="adhuc" WC="0,92" />
            <String ID="Textword_146" HPOS="730" VPOS="610" HEIGHT="27" WIDTH="159" CONTENT="concluforum" WC="0,91" />
            <String ID="Textword_147" HPOS="898" VPOS="608" HEIGHT="31" WIDTH="84" CONTENT="hepate" WC="0,89" />
            <String ID="Textword_148" HPOS="993" VPOS="613" HEIGHT="17" WIDTH="53" CONTENT="ver-" WC="0,93" />
          </TextLine>
          <TextLine ID="TextLine_17" HPOS="87" VPOS="639" HEIGHT="50" WIDTH="959">
            <String ID="Textword_149" HPOS="87" VPOS="662" HEIGHT="26" WIDTH="92" CONTENT="ininofa" WC="0,30" />
            <String ID="Textword_150" HPOS="191" VPOS="660" HEIGHT="24" WIDTH="80" CONTENT="aderat" WC="0,92" />
            <String ID="Textword_151" HPOS="285" VPOS="656" HEIGHT="33" WIDTH="134" CONTENT="progenies." WC="0,85" />
            <String ID="Textword_152" HPOS="428" VPOS="653" HEIGHT="25" WIDTH="89" CONTENT="Virulis" WC="0,78" />
            <String ID="Textword_153" HPOS="530" VPOS="651" HEIGHT="25" WIDTH="70" CONTENT="rarior" WC="0,92" />
            <String ID="Textword_154" HPOS="608" VPOS="648" HEIGHT="29" WIDTH="104" CONTENT="morbus," WC="0,93" />
            <String ID="Textword_155" HPOS="721" VPOS="645" HEIGHT="26" WIDTH="40" CONTENT="fed" WC="0,82" />
            <String ID="Textword_156" HPOS="768" VPOS="643" HEIGHT="26" WIDTH="113" CONTENT="anniculis" WC="0,82" />
            <String ID="Textword_157" HPOS="887" VPOS="641" HEIGHT="26" WIDTH="25" CONTENT="&amp;" WC="0,89" />
            <String ID="Textword_158" HPOS="922" VPOS="639" HEIGHT="27" WIDTH="124" CONTENT="biennibus" WC="0,92" />
          </TextLine>
          <TextLine ID="TextLine_18" HPOS="88" VPOS="673" HEIGHT="54" WIDTH="958">
            <String ID="Textword_159" HPOS="88" VPOS="696" HEIGHT="31" WIDTH="73" CONTENT="hepar" WC="0,90" />
            <String ID="Textword_160" HPOS="174" VPOS="689" HEIGHT="34" WIDTH="148" CONTENT="faccusquafi" WC="0,65" />
            <String ID="Textword_161" HPOS="335" VPOS="687" HEIGHT="33" WIDTH="145" CONTENT="verminofus" WC="0,81" />
            <String ID="Textword_162" HPOS="492" VPOS="685" HEIGHT="24" WIDTH="52" CONTENT="fait." WC="0,82" />
            <String ID="Textword_163" HPOS="578" VPOS="684" HEIGHT="23" WIDTH="77" CONTENT="Boves" WC="0,86" />
            <String ID="Textword_164" HPOS="666" VPOS="679" HEIGHT="26" WIDTH="80" CONTENT="annofi" WC="0,90" />
            <String ID="Textword_165" HPOS="757" VPOS="677" HEIGHT="26" WIDTH="110" CONTENT="rarifime" WC="0,70" />
            <String ID="Textword_166" HPOS="877" VPOS="684" HEIGHT="16" WIDTH="30" CONTENT="eo" WC="0,93" />
            <String ID="Textword_167" HPOS="921" VPOS="674" HEIGHT="24" WIDTH="66" CONTENT="morbo" WC="0,92" />
            <String ID="Textword_168" HPOS="989" VPOS="673" HEIGHT="24" WIDTH="57" CONTENT="la-" WC="0,91" />
          </TextLine>
          <TextLine ID="TextLine_19" HPOS="90" VPOS="704" HEIGHT="49" WIDTH="959">
            <String ID="Textword_169" HPOS="90" VPOS="728" HEIGHT="25" WIDTH="124" CONTENT="borabant." WC="0,90" />
            <String ID="Textword_170" HPOS="248" VPOS="725" HEIGHT="24" WIDTH="65" CONTENT="Raro" WC="0,90" />
            <String ID="Textword_171" HPOS="326" VPOS="729" HEIGHT="17" WIDTH="54" CONTENT="cum" WC="0,92" />
            <String ID="Textword_172" HPOS="380" VPOS="721" HEIGHT="30" WIDTH="101" CONTENT="hepate" WC="0,80" />
            <String ID="Textword_173" HPOS="494" VPOS="716" HEIGHT="25" WIDTH="148" CONTENT="verminabat" WC="0,92" />
            <String ID="Textword_174" HPOS="653" VPOS="713" HEIGHT="31" WIDTH="87" CONTENT="pulmo." WC="0,91" />
            <String ID="Textword_175" HPOS="776" VPOS="711" HEIGHT="29" WIDTH="121" CONTENT="Repertae" WC="0,68" />
            <String ID="Textword_176" HPOS="915" VPOS="714" HEIGHT="16" WIDTH="56" CONTENT="tunc" WC="0,91" />
            <String ID="Textword_177" HPOS="983" VPOS="704" HEIGHT="24" WIDTH="25" CONTENT="&amp;" WC="0,93" />
            <String ID="Textword_178" HPOS="1024" VPOS="705" HEIGHT="24" WIDTH="25" CONTENT="in" WC="0,95" />
          </TextLine>
          <TextLine ID="TextLine_20" HPOS="90" VPOS="738" HEIGHT="49" WIDTH="919">
            <String ID="Textword_179" HPOS="90" VPOS="759" HEIGHT="27" WIDTH="117" CONTENT="inteftinis" WC="0,88" />
            <String ID="Textword_180" HPOS="220" VPOS="764" HEIGHT="23" WIDTH="73" CONTENT="eaque" WC="0,65" />
            <String ID="Textword_181" HPOS="303" VPOS="773" HEIGHT="10" WIDTH="6" CONTENT="," WC="0,65" />
            <String ID="Textword_182" HPOS="327" VPOS="759" HEIGHT="18" WIDTH="53" CONTENT="urut" WC="0,54" />
            <String ID="Textword_183" HPOS="395" VPOS="759" HEIGHT="19" WIDTH="65" CONTENT="raro," WC="0,80" />
            <String ID="Textword_184" HPOS="479" VPOS="748" HEIGHT="32" WIDTH="126" CONTENT="perforaffe" WC="0,91" />
            <String ID="Textword_185" HPOS="618" VPOS="747" HEIGHT="23" WIDTH="74" CONTENT="vifum" WC="0,92" />
            <String ID="Textword_186" HPOS="703" VPOS="742" HEIGHT="25" WIDTH="101" CONTENT="Mifcell." WC="0,31" />
            <String ID="Textword_187" HPOS="816" VPOS="747" HEIGHT="17" WIDTH="47" CONTENT="nat." WC="0,96" />
            <String ID="Textword_188" HPOS="874" VPOS="747" HEIGHT="17" WIDTH="48" CONTENT="cur." WC="0,95" />
            <String ID="Textword_189" HPOS="939" VPOS="739" HEIGHT="23" WIDTH="15" CONTENT="1." WC="0,81" />
            <String ID="Textword_190" HPOS="968" VPOS="738" HEIGHT="24" WIDTH="41" CONTENT="eit." WC="0,82" />
          </TextLine>
          <TextLine ID="TextLine_21" HPOS="125" VPOS="770" HEIGHT="49" WIDTH="924">
            <String ID="Textword_191" HPOS="125" VPOS="791" HEIGHT="26" WIDTH="84" CONTENT="Suibus" WC="0,92" />
            <String ID="Textword_192" HPOS="219" VPOS="789" HEIGHT="30" WIDTH="89" CONTENT="pariter" WC="0,89" />
            <String ID="Textword_193" HPOS="321" VPOS="783" HEIGHT="26" WIDTH="94" CONTENT="infeftas" WC="0,92" />
            <String ID="Textword_194" HPOS="427" VPOS="782" HEIGHT="24" WIDTH="45" CONTENT="efle" WC="0,51" />
            <String ID="Textword_195" HPOS="482" VPOS="782" HEIGHT="23" WIDTH="72" CONTENT="docet" WC="0,82" />
            <String ID="Textword_196" HPOS="568" VPOS="779" HEIGHT="23" WIDTH="96" CONTENT="Kulmus" WC="0,92" />
            <String ID="Textword_197" HPOS="680" VPOS="775" HEIGHT="30" WIDTH="62" CONTENT="apud" WC="0,90" />
            <String ID="Textword_198" HPOS="758" VPOS="772" HEIGHT="25" WIDTH="148" CONTENT="Breslavienf." WC="0,91" />
            <String ID="Textword_199" HPOS="920" VPOS="771" HEIGHT="22" WIDTH="73" CONTENT="Tent." WC="0,91" />
            <String ID="Textword_200" HPOS="1006" VPOS="770" HEIGHT="23" WIDTH="43" CONTENT="I." WC="0,74" />
          </TextLine>
          <TextLine ID="TextLine_22" HPOS="93" VPOS="805" HEIGHT="54" WIDTH="957">
            <String ID="Textword_201" HPOS="93" VPOS="834" HEIGHT="25" WIDTH="23" CONTENT="p." WC="0,69" />
            <String ID="Textword_202" HPOS="131" VPOS="827" HEIGHT="27" WIDTH="55" CONTENT="694." WC="0,92" />
            <String ID="Textword_203" HPOS="204" VPOS="821" HEIGHT="25" WIDTH="26" CONTENT="&amp;" WC="0,92" />
            <String ID="Textword_204" HPOS="246" VPOS="826" HEIGHT="18" WIDTH="85" CONTENT="vaccas" WC="0,92" />
            <String ID="Textword_205" HPOS="346" VPOS="818" HEIGHT="23" WIDTH="28" CONTENT="iis" WC="0,58" />
            <String ID="Textword_206" HPOS="387" VPOS="814" HEIGHT="33" WIDTH="93" CONTENT="perüffe" WC="0,90" />
            <String ID="Textword_207" HPOS="492" VPOS="831" HEIGHT="11" WIDTH="6" CONTENT="," WC="0,83" />
            <String ID="Textword_208" HPOS="518" VPOS="813" HEIGHT="30" WIDTH="69" CONTENT="inque" WC="0,83" />
            <String ID="Textword_209" HPOS="598" VPOS="810" HEIGHT="23" WIDTH="74" CONTENT="ovino" WC="0,92" />
            <String ID="Textword_210" HPOS="684" VPOS="808" HEIGHT="30" WIDTH="86" CONTENT="hepate" WC="0,90" />
            <String ID="Textword_211" HPOS="783" VPOS="805" HEIGHT="23" WIDTH="72" CONTENT="etiam" WC="0,92" />
            <String ID="Textword_212" HPOS="867" VPOS="805" HEIGHT="23" WIDTH="109" CONTENT="inventas" WC="0,91" />
            <String ID="Textword_213" HPOS="994" VPOS="807" HEIGHT="19" WIDTH="56" CONTENT="tunc" WC="0,89" />
          </TextLine>
          <TextLine ID="TextLine_23" HPOS="92" VPOS="835" HEIGHT="50" WIDTH="959">
            <String ID="Textword_214" HPOS="92" VPOS="858" HEIGHT="27" WIDTH="47" CONTENT="effe" WC="0,46" />
            <String ID="Textword_215" HPOS="151" VPOS="858" HEIGHT="25" WIDTH="95" CONTENT="limaces" WC="0,80" />
            <String ID="Textword_216" HPOS="259" VPOS="851" HEIGHT="28" WIDTH="126" CONTENT="Hanovius" WC="0,92" />
            <String ID="Textword_217" HPOS="400" VPOS="847" HEIGHT="33" WIDTH="103" CONTENT="Selgenh." WC="0,55" />
            <String ID="Textword_218" HPOS="517" VPOS="845" HEIGHT="25" WIDTH="42" CONTENT="der" WC="0,96" />
            <String ID="Textword_219" HPOS="573" VPOS="843" HEIGHT="26" WIDTH="77" CONTENT="Natur" WC="0,93" />
            <String ID="Textword_220" HPOS="661" VPOS="839" HEIGHT="26" WIDTH="47" CONTENT="&amp;e." WC="0,84" />
            <String ID="Textword_221" HPOS="723" VPOS="848" HEIGHT="24" WIDTH="22" CONTENT="p." WC="0,92" />
            <String ID="Textword_222" HPOS="759" VPOS="845" HEIGHT="24" WIDTH="55" CONTENT="209." WC="0,80" />
            <String ID="Textword_223" HPOS="844" VPOS="838" HEIGHT="23" WIDTH="26" CONTENT="In" WC="0,92" />
            <String ID="Textword_224" HPOS="885" VPOS="836" HEIGHT="27" WIDTH="64" CONTENT="canis" WC="0,90" />
            <String ID="Textword_225" HPOS="963" VPOS="835" HEIGHT="32" WIDTH="88" CONTENT="hepate" WC="0,93" />
          </TextLine>
          <TextLine ID="TextLine_24" HPOS="93" VPOS="869" HEIGHT="48" WIDTH="960">
            <String ID="Textword_226" HPOS="93" VPOS="898" HEIGHT="19" WIDTH="95" CONTENT="vermes" WC="0,92" />
            <String ID="Textword_227" HPOS="200" VPOS="888" HEIGHT="24" WIDTH="62" CONTENT="vidit" WC="0,92" />
            <String ID="Textword_228" HPOS="276" VPOS="886" HEIGHT="24" WIDTH="90" CONTENT="Tardin" WC="0,92" />
            <String ID="Textword_229" HPOS="385" VPOS="882" HEIGHT="32" WIDTH="61" CONTENT="apud" WC="0,92" />
            <String ID="Textword_230" HPOS="461" VPOS="879" HEIGHT="26" WIDTH="115" CONTENT="Borellum" WC="0,90" />
            <String ID="Textword_231" HPOS="589" VPOS="876" HEIGHT="25" WIDTH="49" CONTENT="obf." WC="0,91" />
            <String ID="Textword_232" HPOS="657" VPOS="876" HEIGHT="23" WIDTH="66" CONTENT="Cent." WC="0,95" />
            <String ID="Textword_233" HPOS="744" VPOS="873" HEIGHT="24" WIDTH="42" CONTENT="Mil." WC="0,59" />
            <String ID="Textword_234" HPOS="805" VPOS="878" HEIGHT="25" WIDTH="38" CONTENT="33." WC="0,91" />
            <String ID="Textword_235" HPOS="878" VPOS="869" HEIGHT="26" WIDTH="92" CONTENT="Diverfi" WC="0,92" />
            <String ID="Textword_236" HPOS="988" VPOS="869" HEIGHT="24" WIDTH="65" CONTENT="forte" WC="0,96" />
          </TextLine>
          <TextLine ID="TextLine_25" HPOS="95" VPOS="902" HEIGHT="48" WIDTH="955">
            <String ID="Textword_237" HPOS="95" VPOS="924" HEIGHT="26" WIDTH="68" CONTENT="{uere" WC="0,43" />
            <String ID="Textword_238" HPOS="182" VPOS="919" HEIGHT="27" WIDTH="141" CONTENT="breviusculi" WC="0,91" />
            <String ID="Textword_239" HPOS="335" VPOS="916" HEIGHT="32" WIDTH="111" CONTENT="denfique" WC="0,91" />
            <String ID="Textword_240" HPOS="459" VPOS="911" HEIGHT="27" WIDTH="123" CONTENT="vermicali" WC="0,60" />
            <String ID="Textword_241" HPOS="593" VPOS="912" HEIGHT="23" WIDTH="24" CONTENT="in" WC="0,96" />
            <String ID="Textword_242" HPOS="630" VPOS="909" HEIGHT="24" WIDTH="73" CONTENT="felino" WC="0,91" />
            <String ID="Textword_243" HPOS="714" VPOS="907" HEIGHT="32" WIDTH="106" CONTENT="jecinore" WC="0,91" />
            <String ID="Textword_244" HPOS="835" VPOS="904" HEIGHT="24" WIDTH="42" CONTENT="vifi" WC="0,93" />
            <String ID="Textword_245" HPOS="888" VPOS="902" HEIGHT="26" WIDTH="91" CONTENT="Bidiod." WC="0,82" />
            <String ID="Textword_246" HPOS="1015" VPOS="902" HEIGHT="23" WIDTH="35" CONTENT="At" WC="0,96" />
          </TextLine>
          <TextLine ID="TextLine_26" HPOS="96" VPOS="934" HEIGHT="54" WIDTH="955">
            <String ID="Textword_247" HPOS="96" VPOS="956" HEIGHT="32" WIDTH="62" CONTENT="ipfas" WC="0,85" />
            <String ID="Textword_248" HPOS="176" VPOS="952" HEIGHT="27" WIDTH="110" CONTENT="fasciolas" WC="0,85" />
            <String ID="Textword_249" HPOS="303" VPOS="952" HEIGHT="24" WIDTH="22" CONTENT="in" WC="0,92" />
            <String ID="Textword_250" HPOS="347" VPOS="953" HEIGHT="29" WIDTH="105" CONTENT="leporum" WC="0,87" />
            <String ID="Textword_251" HPOS="468" VPOS="946" HEIGHT="24" WIDTH="83" CONTENT="morbo" WC="0,71" />
            <String ID="Textword_252" HPOS="567" VPOS="949" HEIGHT="19" WIDTH="145" CONTENT="mortuorum" WC="0,92" />
            <String ID="Textword_253" HPOS="729" VPOS="941" HEIGHT="30" WIDTH="86" CONTENT="hepate" WC="0,93" />
            <String ID="Textword_254" HPOS="831" VPOS="936" HEIGHT="26" WIDTH="140" CONTENT="Schaeferus" WC="0,86" />
            <String ID="Textword_255" HPOS="982" VPOS="934" HEIGHT="25" WIDTH="26" CONTENT="&amp;" WC="0,90" />
            <String ID="Textword_256" HPOS="1025" VPOS="934" HEIGHT="24" WIDTH="26" CONTENT="in" WC="0,96" />
          </TextLine>
          <TextLine ID="TextLine_27" HPOS="96" VPOS="969" HEIGHT="46" WIDTH="958">
            <String ID="Textword_257" HPOS="96" VPOS="987" HEIGHT="28" WIDTH="103" CONTENT="diffe&amp;tis" WC="0,04" />
            <String ID="Textword_258" HPOS="213" VPOS="985" HEIGHT="25" WIDTH="62" CONTENT="Redi" WC="0,92" />
            <String ID="Textword_259" HPOS="292" VPOS="984" HEIGHT="24" WIDTH="103" CONTENT="offendit" WC="0,47" />
            <String ID="Textword_260" HPOS="406" VPOS="979" HEIGHT="34" WIDTH="79" CONTENT="opufe." WC="0,73" />
            <String ID="Textword_261" HPOS="504" VPOS="978" HEIGHT="23" WIDTH="71" CONTENT="Tom." WC="0,95" />
            <String ID="Textword_262" HPOS="593" VPOS="977" HEIGHT="23" WIDTH="41" CONTENT="IH." WC="0,58" />
            <String ID="Textword_263" HPOS="653" VPOS="983" HEIGHT="23" WIDTH="22" CONTENT="p." WC="0,40" />
            <String ID="Textword_264" HPOS="691" VPOS="976" HEIGHT="27" WIDTH="52" CONTENT="198." WC="0,95" />
            <String ID="Textword_265" HPOS="778" VPOS="973" HEIGHT="22" WIDTH="26" CONTENT="In" WC="0,93" />
            <String ID="Textword_266" HPOS="819" VPOS="969" HEIGHT="25" WIDTH="124" CONTENT="cervorum" WC="0,92" />
            <String ID="Textword_267" HPOS="968" VPOS="969" HEIGHT="28" WIDTH="86" CONTENT="hepate" WC="0,92" />
          </TextLine>
          <TextLine ID="TextLine_28" HPOS="98" VPOS="999" HEIGHT="52" WIDTH="956">
            <String ID="Textword_268" HPOS="98" VPOS="1022" HEIGHT="29" WIDTH="74" CONTENT="vifas," WC="0,90" />
            <String ID="Textword_269" HPOS="192" VPOS="1018" HEIGHT="27" WIDTH="158" CONTENT="cucurbitinos" WC="0,90" />
            <String ID="Textword_270" HPOS="361" VPOS="1015" HEIGHT="24" WIDTH="97" CONTENT="vocavit" WC="0,91" />
            <String ID="Textword_271" HPOS="475" VPOS="1011" HEIGHT="25" WIDTH="172" CONTENT="Volckamerus" WC="0,89" />
            <String ID="Textword_272" HPOS="658" VPOS="1007" HEIGHT="24" WIDTH="69" CONTENT="Mife," WC="0,59" />
            <String ID="Textword_273" HPOS="742" VPOS="1010" HEIGHT="17" WIDTH="48" CONTENT="nat." WC="0,95" />
            <String ID="Textword_274" HPOS="809" VPOS="1010" HEIGHT="15" WIDTH="46" CONTENT="cur." WC="0,93" />
            <String ID="Textword_275" HPOS="874" VPOS="1001" HEIGHT="23" WIDTH="72" CONTENT="D.H." WC="0,59" />
            <String ID="Textword_276" HPOS="967" VPOS="999" HEIGHT="22" WIDTH="28" CONTENT="A." WC="0,89" />
            <String ID="Textword_277" HPOS="1010" VPOS="999" HEIGHT="22" WIDTH="44" CONTENT="II," WC="0,72" />
          </TextLine>
          <TextLine ID="TextLine_29" HPOS="99" VPOS="1031" HEIGHT="56" WIDTH="957">
            <String ID="Textword_278" HPOS="99" VPOS="1063" HEIGHT="24" WIDTH="56" CONTENT="pag." WC="0,88" />
            <String ID="Textword_279" HPOS="164" VPOS="1061" HEIGHT="21" WIDTH="55" CONTENT="459." WC="0,92" />
            <String ID="Textword_280" HPOS="231" VPOS="1052" HEIGHT="22" WIDTH="68" CONTENT="Adde" WC="0,91" />
            <String ID="Textword_281" HPOS="307" VPOS="1050" HEIGHT="23" WIDTH="34" CONTENT="his" WC="0,93" />
            <String ID="Textword_282" HPOS="347" VPOS="1049" HEIGHT="23" WIDTH="107" CONTENT="Bidloum" WC="0,92" />
            <String ID="Textword_283" HPOS="462" VPOS="1063" HEIGHT="11" WIDTH="7" CONTENT="‚" WC="0,83" />
            <String ID="Textword_284" HPOS="477" VPOS="1046" HEIGHT="23" WIDTH="22" CONTENT="in" WC="0,93" />
            <String ID="Textword_285" HPOS="510" VPOS="1048" HEIGHT="20" WIDTH="121" CONTENT="cervorum" WC="0,90" />
            <String ID="Textword_286" HPOS="639" VPOS="1039" HEIGHT="23" WIDTH="25" CONTENT="&amp;" WC="0,92" />
            <String ID="Textword_287" HPOS="672" VPOS="1042" HEIGHT="26" WIDTH="108" CONTENT="aproram" WC="0,89" />
            <String ID="Textword_288" HPOS="789" VPOS="1034" HEIGHT="23" WIDTH="61" CONTENT="extis" WC="0,91" />
            <String ID="Textword_289" HPOS="860" VPOS="1031" HEIGHT="32" WIDTH="141" CONTENT="quandoque" WC="0,77" />
            <String ID="Textword_290" HPOS="1013" VPOS="1031" HEIGHT="24" WIDTH="43" CONTENT="ob-" WC="0,93" />
          </TextLine>
          <TextLine ID="TextLine_30" HPOS="101" VPOS="1064" HEIGHT="47" WIDTH="955">
            <String ID="Textword_291" HPOS="101" VPOS="1086" HEIGHT="25" WIDTH="87" CONTENT="fervari" WC="0,88" />
            <String ID="Textword_292" HPOS="202" VPOS="1091" HEIGHT="15" WIDTH="30" CONTENT="ex" WC="0,93" />
            <String ID="Textword_293" HPOS="246" VPOS="1089" HEIGHT="17" WIDTH="139" CONTENT="venatorum" WC="0,92" />
            <String ID="Textword_294" HPOS="402" VPOS="1079" HEIGHT="24" WIDTH="115" CONTENT="relatione" WC="0,91" />
            <String ID="Textword_295" HPOS="528" VPOS="1092" HEIGHT="11" WIDTH="7" CONTENT="," WC="0,86" />
            <String ID="Textword_296" HPOS="560" VPOS="1073" HEIGHT="24" WIDTH="25" CONTENT="&amp;" WC="0,92" />
            <String ID="Textword_297" HPOS="599" VPOS="1068" HEIGHT="32" WIDTH="136" CONTENT="confpeltas" WC="0,00" />
            <String ID="Textword_298" HPOS="748" VPOS="1075" HEIGHT="15" WIDTH="12" CONTENT="a" WC="0,96" />
            <String ID="Textword_299" HPOS="775" VPOS="1068" HEIGHT="22" WIDTH="23" CONTENT="fe" WC="0,92" />
            <String ID="Textword_300" HPOS="814" VPOS="1064" HEIGHT="24" WIDTH="45" CONTENT="effe" WC="0,54" />
            <String ID="Textword_301" HPOS="876" VPOS="1065" HEIGHT="22" WIDTH="22" CONTENT="in" WC="0,93" />
            <String ID="Textword_302" HPOS="915" VPOS="1064" HEIGHT="28" WIDTH="141" CONTENT="vitulorum," WC="0,91" />
          </TextLine>
          <TextLine ID="TextLine_31" HPOS="99" VPOS="1096" HEIGHT="56" WIDTH="958">
            <String ID="Textword_303" HPOS="99" VPOS="1121" HEIGHT="31" WIDTH="173" CONTENT="juvencorum,," WC="0,55" />
            <String ID="Textword_304" HPOS="291" VPOS="1113" HEIGHT="31" WIDTH="114" CONTENT="ipfiusque" WC="0,90" />
            <String ID="Textword_305" HPOS="417" VPOS="1108" HEIGHT="27" WIDTH="102" CONTENT="hominis" WC="0,91" />
            <String ID="Textword_306" HPOS="531" VPOS="1105" HEIGHT="27" WIDTH="58" CONTENT="bile," WC="0,92" />
            <String ID="Textword_307" HPOS="607" VPOS="1102" HEIGHT="24" WIDTH="139" CONTENT="tradentem." WC="0,62" />
            <String ID="Textword_308" HPOS="783" VPOS="1098" HEIGHT="23" WIDTH="105" CONTENT="Humani" WC="0,91" />
            <String ID="Textword_309" HPOS="907" VPOS="1097" HEIGHT="31" WIDTH="91" CONTENT="hepatis" WC="0,92" />
            <String ID="Textword_310" HPOS="1011" VPOS="1096" HEIGHT="24" WIDTH="46" CONTENT="fas-" WC="0,92" />
          </TextLine>
          <TextLine ID="TextLine_32" HPOS="103" VPOS="1129" HEIGHT="48" WIDTH="953">
            <String ID="Textword_311" HPOS="103" VPOS="1151" HEIGHT="26" WIDTH="73" CONTENT="ciolas" WC="0,84" />
            <String ID="Textword_312" HPOS="187" VPOS="1146" HEIGHT="26" WIDTH="149" CONTENT="confirmant." WC="0,91" />
            <String ID="Textword_313" HPOS="349" VPOS="1145" HEIGHT="30" WIDTH="53" CONTENT="Jeh." WC="0,91" />
            <String ID="Textword_314" HPOS="415" VPOS="1142" HEIGHT="25" WIDTH="117" CONTENT="Baubinus" WC="0,78" />
            <String ID="Textword_315" HPOS="545" VPOS="1145" HEIGHT="22" WIDTH="37" CONTENT="ap." WC="0,93" />
            <String ID="Textword_316" HPOS="594" VPOS="1136" HEIGHT="23" WIDTH="115" CONTENT="Bonetum" WC="0,92" />
            <String ID="Textword_317" HPOS="723" VPOS="1137" HEIGHT="19" WIDTH="62" CONTENT="anat." WC="0,92" />
            <String ID="Textword_318" HPOS="798" VPOS="1138" HEIGHT="24" WIDTH="34" CONTENT="pr." WC="0,96" />
            <String ID="Textword_319" HPOS="844" VPOS="1131" HEIGHT="23" WIDTH="27" CONTENT="L." WC="0,92" />
            <String ID="Textword_320" HPOS="884" VPOS="1131" HEIGHT="24" WIDTH="43" CONTENT="IV." WC="0,92" />
            <String ID="Textword_321" HPOS="946" VPOS="1131" HEIGHT="23" WIDTH="22" CONTENT="$." WC="0,68" />
            <String ID="Textword_322" HPOS="979" VPOS="1131" HEIGHT="22" WIDTH="17" CONTENT="I." WC="0,79" />
            <String ID="Textword_323" HPOS="1006" VPOS="1129" HEIGHT="24" WIDTH="50" CONTENT="obf." WC="0,88" />
          </TextLine>
          <TextLine ID="TextLine_33" HPOS="103" VPOS="1162" HEIGHT="53" WIDTH="955">
            <String ID="Textword_324" HPOS="103" VPOS="1188" HEIGHT="22" WIDTH="41" CONTENT="60." WC="0,84" />
            <String ID="Textword_325" HPOS="162" VPOS="1182" HEIGHT="33" WIDTH="20" CONTENT="$." WC="0,86" />
            <String ID="Textword_326" HPOS="197" VPOS="1188" HEIGHT="20" WIDTH="35" CONTENT="zı." WC="0,84" />
            <String ID="Textword_327" HPOS="251" VPOS="1179" HEIGHT="31" WIDTH="38" CONTENT="qui" WC="0,73" />
            <String ID="Textword_328" HPOS="308" VPOS="1178" HEIGHT="23" WIDTH="24" CONTENT="in" WC="0,91" />
            <String ID="Textword_329" HPOS="349" VPOS="1183" HEIGHT="24" WIDTH="71" CONTENT="puero" WC="0,91" />
            <String ID="Textword_330" HPOS="436" VPOS="1171" HEIGHT="27" WIDTH="113" CONTENT="morbillis" WC="0,86" />
            <String ID="Textword_331" HPOS="561" VPOS="1167" HEIGHT="26" WIDTH="104" CONTENT="extin&amp;to" WC="0,66" />
            <String ID="Textword_332" HPOS="677" VPOS="1172" HEIGHT="18" WIDTH="94" CONTENT="vermes" WC="0,92" />
            <String ID="Textword_333" HPOS="789" VPOS="1164" HEIGHT="32" WIDTH="112" CONTENT="plurimos" WC="0,91" />
            <String ID="Textword_334" HPOS="919" VPOS="1163" HEIGHT="33" WIDTH="85" CONTENT="partim" WC="0,83" />
            <String ID="Textword_335" HPOS="1022" VPOS="1162" HEIGHT="24" WIDTH="36" CONTENT="vi-" WC="0,92" />
          </TextLine>
          <TextLine ID="TextLine_34" HPOS="104" VPOS="1197" HEIGHT="49" WIDTH="956">
            <String ID="Textword_336" HPOS="104" VPOS="1225" HEIGHT="20" WIDTH="59" CONTENT="vos," WC="0,93" />
            <String ID="Textword_337" HPOS="182" VPOS="1212" HEIGHT="34" WIDTH="154" CONTENT="majusculos," WC="0,92" />
            <String ID="Textword_338" HPOS="354" VPOS="1210" HEIGHT="25" WIDTH="97" CONTENT="rubros," WC="0,92" />
            <String ID="Textword_339" HPOS="468" VPOS="1205" HEIGHT="29" WIDTH="128" CONTENT="oblongos," WC="0,90" />
            <String ID="Textword_340" HPOS="614" VPOS="1201" HEIGHT="32" WIDTH="98" CONTENT="gibbos," WC="0,92" />
            <String ID="Textword_341" HPOS="724" VPOS="1199" HEIGHT="32" WIDTH="129" CONTENT="mollesque" WC="0,91" />
            <String ID="Textword_342" HPOS="864" VPOS="1198" HEIGHT="24" WIDTH="61" CONTENT="intra" WC="0,96" />
            <String ID="Textword_343" HPOS="937" VPOS="1197" HEIGHT="22" WIDTH="123" CONTENT="Portarum" WC="0,92" />
          </TextLine>
          <TextLine ID="TextLine_35" HPOS="104" VPOS="1225" HEIGHT="50" WIDTH="957">
            <String ID="Textword_344" HPOS="104" VPOS="1257" HEIGHT="18" WIDTH="78" CONTENT="venae" WC="0,90" />
            <String ID="Textword_345" HPOS="194" VPOS="1247" HEIGHT="25" WIDTH="25" CONTENT="&amp;" WC="0,92" />
            <String ID="Textword_346" HPOS="230" VPOS="1244" HEIGHT="27" WIDTH="82" CONTENT="du&amp;tus" WC="0,00" />
            <String ID="Textword_347" HPOS="323" VPOS="1241" HEIGHT="26" WIDTH="76" CONTENT="bilarii" WC="0,85" />
            <String ID="Textword_348" HPOS="411" VPOS="1246" HEIGHT="17" WIDTH="76" CONTENT="ramos" WC="0,93" />
            <String ID="Textword_349" HPOS="499" VPOS="1237" HEIGHT="26" WIDTH="105" CONTENT="detexit;" WC="0,74" />
            <String ID="Textword_350" HPOS="624" VPOS="1234" HEIGHT="24" WIDTH="100" CONTENT="Gemma" WC="0,91" />
            <String ID="Textword_351" HPOS="741" VPOS="1232" HEIGHT="25" WIDTH="29" CONTENT="de" WC="0,84" />
            <String ID="Textword_352" HPOS="781" VPOS="1232" HEIGHT="24" WIDTH="48" CONTENT="div." WC="0,84" />
            <String ID="Textword_353" HPOS="848" VPOS="1236" HEIGHT="17" WIDTH="75" CONTENT="natur." WC="0,93" />
            <String ID="Textword_354" HPOS="941" VPOS="1225" HEIGHT="25" WIDTH="120" CONTENT="charadte-" WC="0,77" />
          </TextLine>
          <TextLine ID="TextLine_36" HPOS="106" VPOS="1259" HEIGHT="53" WIDTH="954">
            <String ID="Textword_355" HPOS="106" VPOS="1284" HEIGHT="24" WIDTH="62" CONTENT="rifm." WC="0,91" />
            <String ID="Textword_356" HPOS="186" VPOS="1281" HEIGHT="31" WIDTH="39" CONTENT="qui" WC="0,92" />
            <String ID="Textword_357" HPOS="244" VPOS="1278" HEIGHT="24" WIDTH="115" CONTENT="vermium" WC="0,91" />
            <String ID="Textword_358" HPOS="374" VPOS="1272" HEIGHT="33" WIDTH="112" CONTENT="infignem" WC="0,91" />
            <String ID="Textword_359" HPOS="504" VPOS="1269" HEIGHT="25" WIDTH="114" CONTENT="foeturam" WC="0,93" />
            <String ID="Textword_360" HPOS="634" VPOS="1268" HEIGHT="23" WIDTH="24" CONTENT="in" WC="0,92" />
            <String ID="Textword_361" HPOS="675" VPOS="1266" HEIGHT="25" WIDTH="124" CONTENT="fubftantia" WC="0,91" />
            <String ID="Textword_362" HPOS="816" VPOS="1262" HEIGHT="30" WIDTH="91" CONTENT="hepatis" WC="0,86" />
            <String ID="Textword_363" HPOS="917" VPOS="1259" HEIGHT="23" WIDTH="44" CONTENT="viri" WC="0,86" />
            <String ID="Textword_364" HPOS="976" VPOS="1259" HEIGHT="32" WIDTH="84" CONTENT="ignoto" WC="0,90" />
          </TextLine>
          <TextLine ID="TextLine_37" HPOS="108" VPOS="1292" HEIGHT="48" WIDTH="953">
            <String ID="Textword_365" HPOS="108" VPOS="1315" HEIGHT="25" WIDTH="85" CONTENT="morbo" WC="0,73" />
            <String ID="Textword_366" HPOS="211" VPOS="1312" HEIGHT="23" WIDTH="86" CONTENT="mortui" WC="0,56" />
            <String ID="Textword_367" HPOS="313" VPOS="1306" HEIGHT="28" WIDTH="121" CONTENT="adinvenit" WC="0,87" />
            <String ID="Textword_368" HPOS="447" VPOS="1314" HEIGHT="21" WIDTH="7" CONTENT=";" WC="0,85" />
            <String ID="Textword_369" HPOS="475" VPOS="1303" HEIGHT="26" WIDTH="26" CONTENT="&amp;" WC="0,90" />
            <String ID="Textword_370" HPOS="517" VPOS="1308" HEIGHT="18" WIDTH="53" CONTENT="mea" WC="0,90" />
            <String ID="Textword_371" HPOS="588" VPOS="1308" HEIGHT="16" WIDTH="36" CONTENT="me" WC="0,92" />
            <String ID="Textword_372" HPOS="646" VPOS="1300" HEIGHT="30" WIDTH="101" CONTENT="denique" WC="0,92" />
            <String ID="Textword_373" HPOS="764" VPOS="1296" HEIGHT="24" WIDTH="82" CONTENT="docuit" WC="0,72" />
            <String ID="Textword_374" HPOS="866" VPOS="1292" HEIGHT="32" WIDTH="147" CONTENT="experientia" WC="0,91" />
            <String ID="Textword_375" HPOS="1035" VPOS="1293" HEIGHT="24" WIDTH="26" CONTENT="in" WC="0,96" />
          </TextLine>
          <TextLine ID="TextLine_38" HPOS="109" VPOS="1325" HEIGHT="47" WIDTH="952">
            <String ID="Textword_376" HPOS="109" VPOS="1348" HEIGHT="24" WIDTH="95" CONTENT="theatro" WC="0,91" />
            <String ID="Textword_377" HPOS="220" VPOS="1344" HEIGHT="24" WIDTH="133" CONTENT="anatomico" WC="0,24" />
            <String ID="Textword_378" HPOS="369" VPOS="1336" HEIGHT="29" WIDTH="158" CONTENT="Berolinenfi," WC="0,90" />
            <String ID="Textword_379" HPOS="554" VPOS="1335" HEIGHT="22" WIDTH="37" CONTENT="ubı" WC="0,90" />
            <String ID="Textword_380" HPOS="612" VPOS="1334" HEIGHT="23" WIDTH="23" CONTENT="in" WC="0,96" />
            <String ID="Textword_381" HPOS="654" VPOS="1332" HEIGHT="28" WIDTH="103" CONTENT="feminae" WC="0,35" />
            <String ID="Textword_382" HPOS="772" VPOS="1328" HEIGHT="24" WIDTH="64" CONTENT="fibris" WC="0,86" />
            <String ID="Textword_383" HPOS="859" VPOS="1325" HEIGHT="25" WIDTH="120" CONTENT="fafciolam" WC="0,92" />
            <String ID="Textword_384" HPOS="994" VPOS="1333" HEIGHT="17" WIDTH="67" CONTENT="ramo" WC="0,92" />
          </TextLine>
          <TextLine ID="TextLine_39" HPOS="110" VPOS="1359" HEIGHT="49" WIDTH="952">
            <String ID="Textword_385" HPOS="110" VPOS="1378" HEIGHT="27" WIDTH="82" CONTENT="du&amp;tus" WC="0,36" />
            <String ID="Textword_386" HPOS="205" VPOS="1376" HEIGHT="32" WIDTH="103" CONTENT="hepatici" WC="0,86" />
            <String ID="Textword_387" HPOS="333" VPOS="1375" HEIGHT="24" WIDTH="108" CONTENT="ınfertam" WC="0,79" />
            <String ID="Textword_388" HPOS="457" VPOS="1370" HEIGHT="25" WIDTH="59" CONTENT="vidi." WC="0,92" />
            <String ID="Textword_389" HPOS="544" VPOS="1365" HEIGHT="25" WIDTH="139" CONTENT="Verminofa" WC="0,92" />
            <String ID="Textword_390" HPOS="700" VPOS="1365" HEIGHT="22" WIDTH="58" CONTENT="haec" WC="0,92" />
            <String ID="Textword_391" HPOS="769" VPOS="1360" HEIGHT="32" WIDTH="119" CONTENT="proluvies" WC="0,92" />
            <String ID="Textword_392" HPOS="906" VPOS="1367" HEIGHT="16" WIDTH="44" CONTENT="non" WC="0,93" />
            <String ID="Textword_393" HPOS="969" VPOS="1359" HEIGHT="30" WIDTH="93" CONTENT="femper" WC="0,93" />
          </TextLine>
          <TextLine ID="TextLine_40" HPOS="109" VPOS="1392" HEIGHT="47" WIDTH="954">
            <String ID="Textword_394" HPOS="109" VPOS="1412" HEIGHT="27" WIDTH="98" CONTENT="morbos" WC="0,62" />
            <String ID="Textword_395" HPOS="218" VPOS="1408" HEIGHT="24" WIDTH="134" CONTENT="manifeftos" WC="0,89" />
            <String ID="Textword_396" HPOS="363" VPOS="1407" HEIGHT="24" WIDTH="97" CONTENT="excitat." WC="0,78" />
            <String ID="Textword_397" HPOS="490" VPOS="1404" HEIGHT="23" WIDTH="41" CONTENT="‚Ita" WC="0,25" />
            <String ID="Textword_398" HPOS="541" VPOS="1407" HEIGHT="16" WIDTH="58" CONTENT="oves" WC="0,92" />
            <String ID="Textword_399" HPOS="614" VPOS="1397" HEIGHT="33" WIDTH="140" CONTENT="quandoque" WC="0,77" />
            <String ID="Textword_400" HPOS="766" VPOS="1398" HEIGHT="26" WIDTH="98" CONTENT="vegetas" WC="0,90" />
            <String ID="Textword_401" HPOS="877" VPOS="1398" HEIGHT="26" WIDTH="69" CONTENT="atque" WC="0,90" />
            <String ID="Textword_402" HPOS="962" VPOS="1392" HEIGHT="32" WIDTH="101" CONTENT="pingues" WC="0,91" />
          </TextLine>
          <TextLine ID="TextLine_41" HPOS="111" VPOS="1425" HEIGHT="51" WIDTH="953">
            <String ID="Textword_403" HPOS="111" VPOS="1446" HEIGHT="26" WIDTH="47" CONTENT="eife" WC="0,59" />
            <String ID="Textword_404" HPOS="170" VPOS="1441" HEIGHT="35" WIDTH="105" CONTENT="quamuis" WC="0,92" />
            <String ID="Textword_405" HPOS="288" VPOS="1440" HEIGHT="24" WIDTH="105" CONTENT="fasciolis" WC="0,72" />
            <String ID="Textword_406" HPOS="408" VPOS="1438" HEIGHT="24" WIDTH="107" CONTENT="laborent" WC="0,73" />
            <String ID="Textword_407" HPOS="531" VPOS="1432" HEIGHT="25" WIDTH="91" CONTENT="Bidlous" WC="0,93" />
            <String ID="Textword_408" HPOS="633" VPOS="1430" HEIGHT="25" WIDTH="84" CONTENT="afferır." WC="0,78" />
            <String ID="Textword_409" HPOS="746" VPOS="1427" HEIGHT="24" WIDTH="102" CONTENT="Morbus" WC="0,96" />
            <String ID="Textword_410" HPOS="861" VPOS="1427" HEIGHT="30" WIDTH="38" CONTENT="qui" WC="0,93" />
            <String ID="Textword_411" HPOS="910" VPOS="1426" HEIGHT="23" WIDTH="83" CONTENT="ovibus" WC="0,92" />
            <String ID="Textword_412" HPOS="1006" VPOS="1425" HEIGHT="22" WIDTH="58" CONTENT="hine" WC="0,77" />
          </TextLine>
          <TextLine ID="TextLine_42" HPOS="107" VPOS="1456" HEIGHT="56" WIDTH="957">
            <String ID="Textword_413" HPOS="107" VPOS="1481" HEIGHT="31" WIDTH="140" CONTENT="plerumque" WC="0,56" />
            <String ID="Textword_414" HPOS="264" VPOS="1474" HEIGHT="26" WIDTH="129" CONTENT="fuboritur," WC="0,73" />
            <String ID="Textword_415" HPOS="412" VPOS="1478" HEIGHT="16" WIDTH="13" CONTENT="a" WC="0,88" />
            <String ID="Textword_416" HPOS="442" VPOS="1466" HEIGHT="27" WIDTH="137" CONTENT="Schaeffero" WC="0,92" />
            <String ID="Textword_417" HPOS="598" VPOS="1465" HEIGHT="23" WIDTH="29" CONTENT="A." WC="0,96" />
            <String ID="Textword_418" HPOS="644" VPOS="1469" HEIGHT="23" WIDTH="70" CONTENT="1752." WC="0,66" />
            <String ID="Textword_419" HPOS="731" VPOS="1459" HEIGHT="25" WIDTH="135" CONTENT="obfervamıs" WC="0,48" />
            <String ID="Textword_420" HPOS="883" VPOS="1458" HEIGHT="25" WIDTH="25" CONTENT="&amp;" WC="0,92" />
            <String ID="Textword_421" HPOS="926" VPOS="1459" HEIGHT="23" WIDTH="22" CONTENT="in" WC="0,92" />
            <String ID="Textword_422" HPOS="968" VPOS="1456" HEIGHT="33" WIDTH="96" CONTENT="propsio" WC="0,91" />
          </TextLine>
          <TextLine ID="TextLine_43" HPOS="106" VPOS="1489" HEIGHT="51" WIDTH="958">
            <String ID="Textword_423" HPOS="106" VPOS="1513" HEIGHT="25" WIDTH="80" CONTENT="fibello" WC="0,56" />
            <String ID="Textword_424" HPOS="199" VPOS="1507" HEIGHT="33" WIDTH="131" CONTENT="deferiprus" WC="0,83" />
            <String ID="Textword_425" HPOS="341" VPOS="1512" HEIGHT="18" WIDTH="29" CONTENT="ex" WC="0,93" />
            <String ID="Textword_426" HPOS="384" VPOS="1503" HEIGHT="29" WIDTH="106" CONTENT="trillitia," WC="0,06" />
            <String ID="Textword_427" HPOS="507" VPOS="1505" HEIGHT="20" WIDTH="107" CONTENT="marcore" WC="0,90" />
            <String ID="Textword_428" HPOS="627" VPOS="1515" HEIGHT="12" WIDTH="7" CONTENT="," WC="0,77" />
            <String ID="Textword_429" HPOS="653" VPOS="1494" HEIGHT="34" WIDTH="112" CONTENT="appetitu" WC="0,92" />
            <String ID="Textword_430" HPOS="782" VPOS="1493" HEIGHT="29" WIDTH="138" CONTENT="imminuto," WC="0,92" />
            <String ID="Textword_431" HPOS="937" VPOS="1489" HEIGHT="27" WIDTH="127" CONTENT="debilitate" WC="0,92" />
          </TextLine>
          <TextLine ID="TextLine_44" HPOS="1013" VPOS="1521" HEIGHT="25" WIDTH="52">
            <String ID="Textword_432" HPOS="1013" VPOS="1521" HEIGHT="25" WIDTH="52" CONTENT="fen-" WC="0,69" />
          </TextLine>
        </TextBlock>
        <TextBlock ID="TextBlock_3" HPOS="1112" VPOS="1418" HEIGHT="83" WIDTH="70">
          <TextLine ID="TextLine_45" HPOS="1112" VPOS="1418" HEIGHT="83" WIDTH="70">
            <String ID="Textword_433" HPOS="1112" VPOS="1418" HEIGHT="83" WIDTH="70" CONTENT="f" WC="0,20" />
          </TextLine>
        </TextBlock>
      </PrintSpace>
    </Page>
  </Layout>
</alto>
