1192 1608
215 84 261 33 DEIESESHHBRHT
494 81 65 27 WARTE
573 78 63 34 NO)
685 72 229 29 MEDICA

276 142 212 32 Femimamkecaniti
556 136 134 28 hrMlato
702 141 50 23 cap.
758 131 33 24 V.
807 129 25 25 &
844 130 24 24 in
880 136 58 18 cava
949 126 90 27 vermis

290 181 3 22 ie
295 180 101 30 mAlnalt
398 183 17 18 }
465 175 33 25 TV
516 170 140 28 SnRinetong
673 169 23 23 in
709 163 107 26 omnibus
830 169 77 17 autem
919 166 123 28 portaera-

306 205 219 33 [Feticherumgpill
534 209 90 21 ferrörcs
633 201 62 24 oa
704 196 77 26 caufas
787 195 81 22 mortis
875 194 88 23 fubitae
969 192 23 33 $.
1002 198 39 18 22.

100 257 138 20 Balaenimon
313 234 355 36 rnalchlaßBorellillll.
679 241 23 21 4.
715 237 29 18 €%
754 226 97 26 concifis
862 224 76 25 fruftis
951 224 92 31 hepatis

93 285 67 26 ovini
173 283 25 24 &
211 283 84 30 bovini
310 280 23 23 in
344 284 58 24 aqua
414 277 175 24 enatantıa,
601 266 73 25 Golae
686 265 65 24 fuere
762 278 8 13 ,
788 258 25 26 &
827 258 44 25 feri
882 257 162 24 membranam

93 319 24 25 in
138 319 103 23 humano
260 312 111 32 fanguine
389 316 44 24 pro
449 305 81 25 ıisdem
544 300 89 27 habuit.
668 299 110 24 Ceterum
792 292 49 25 mihi
844 290 74 26 fatis
927 295 55 25 apta
992 295 52 17 ver-

94 351 77 25 mibus
185 345 133 27 habitacula
333 349 76 19 venae
423 338 99 26 videntur
525 345 28 21 ,
574 331 135 34 praefertim
724 333 119 27 portarum
859 330 76 22 vena,
953 329 53 17 cum
1020 320 26 23 in

94 385 29 23 iis
137 381 117 32 fanguinis
266 378 88 24 Aumen
371 372 61 26 haud
447 371 59 24 adeo
524 364 129 35 impetuofe
671 363 87 25 feratur
771 365 26 18 ut
815 359 78 25 fecum
906 354 74 32 rapiat
993 359 53 17 ver-

93 414 99 27 miculos
208 412 40 24 fuo
264 415 66 18 motu
342 406 137 24 renitentes,
513 399 108 26 Rhodius
633 398 73 22 varias
719 392 104 25 recenfet
833 388 176 25 obfervationes
1022 392 24 15 a-

94 446 181 27 nimalculorum
285 442 23 23 in
322 439 66 25 venis
407 438 68 23 Cent.
487 435 42 24 IH.
549 429 49 26 obf.
607 430 44 23 61.
666 430 39 22 62.
729 425 37 25 fed
783 423 135 30 coleopreron
921 417 48 24 in
983 416 64 25 folli-

96 480 53 25 culo
160 479 29 24 ad
201 477 92 25 iliacam
308 482 13 16 a
334 470 103 27 Biancho
452 471 119 26 repersum
580 461 56 25 fidei
647 467 81 26 parum
743 457 94 26 videtur
849 458 97 20 merere.
985 450 4 4 "

131 514 26 22 In
174 511 81 24 offium
269 506 96 26 tandem
377 502 52 33 ipfis
439 498 97 26 medullis
555 496 91 24 invenit
656 499 93 20 vermes
759 490 177 24 obfervatorum
946 481 102 32 diligen-

97 547 40 25 tia.
171 545 26 23 In
213 542 79 31 diplo&
309 537 74 29 eranii
400 533 43 25 vifi
460 531 69 27 funt;
550 529 27 24 In
596 528 73 24 tibiae
688 526 31 22 ob
740 524 112 23 immanes
878 514 171 26 lancinationes

98 582 136 27 amputatae
245 570 132 26 meditullio
388 562 186 29 afcaridiformes
585 557 117 28 innumeri
709 555 173 31 palpitaverunt
890 547 60 25 Adta
958 554 47 16 cur.
1017 546 34 25 V.

99 620 23 25 p.
137 615 54 25 259.
211 603 122 36 Ruyfchius
345 607 90 27 quoque
448 596 97 26 exuvias
556 592 116 26 vermium
685 589 23 22 in
722 586 78 24 multis
813 582 84 25 oflibus
909 579 100 26 diffettis
1015 579 36 24 vi-

100 645 51 27 dit;
170 641 37 26 fed
222 641 44 23 hae
282 647 14 15 a
309 635 128 26 mulcarum
455 629 66 34 prole
540 624 126 28 medullam
678 620 140 33 dapafcente
830 634 8 13 ,
856 623 42 25 per
910 612 160 26 foraminula

99 674 121 28 vafculofa
231 670 99 33 ingrella
341 675 69 23 atque
422 667 61 22 intus
496 661 68 25 aufta
576 656 144 28 derivandae
731 653 51 24 funt
796 670 7 10 ,
824 658 43 17 non
880 654 73 20 autem
964 648 23 24 in
1001 648 52 22 vivo

101 711 84 23 komine
195 705 104 33 adfuere;
319 700 69 35 Quod
403 698 48 31 ipfe
465 696 57 24 olim
538 693 24 23 in
578 688 185 34 putrefaftorum
775 684 81 24 oflium
869 681 136 27 difle&tione
1019 676 35 23 di-

102 743 61 27 diei,
180 739 25 24 &
217 736 97 33 egregie
326 732 162 26 confirmatum
502 724 93 34 gaudeo
606 731 13 15 a
630 723 97 22 Summo
742 718 95 22 ALBINO
849 715 115 25 Academ.
982 715 73 17 anno-

102 775 115 25 tationum
228 770 51 23 Lib.
296 768 29 22 I.
345 771 50 23 cap.
408 761 45 24 IV.
471 759 41 32 qui
528 756 72 25 etiam
618 753 89 24 mufcas
721 747 103 25 exclufas
839 747 25 25 &
879 745 105 25 ficcitate
998 747 58 18 con-

102 803 159 28 traftasintra
273 799 51 24 offis
334 803 83 18 cavum
429 793 75 27 vidit,
521 787 63 33 quod
597 785 57 23 mihi
667 781 102 25 nondum
780 780 117 30 contigit;
914 781 142 25 quamquam

103 838 63 26 aliud
178 836 76 26 adhuc
267 831 134 26 exuviarum
416 832 74 28 genus
505 823 23 24 in
539 819 86 27 oflibus
638 816 39 26 fub
690 821 58 25 aqua
759 809 153 36 putrefalis,
929 814 14 17 a
953 806 106 33 parvulis

103 871 109 26 mufeillis
224 874 77 18 ortum
314 861 161 35 reperiverim.

136 904 97 30 Denique
235 901 47 23 in
295 898 70 24 varlis
381 893 127 26 Tumoribus
518 886 149 34 reperiuntur
676 885 102 22 vermeS.
811 876 93 24 Praeter
915 874 143 25 fubcutane?

105 938 64 25 enim
181 931 151 28 animalcula,
351 929 70 24 etiam
442 926 24 23 in
481 922 68 25 nodis
564 918 126 26 arthriticis
703 918 109 20 manuum
823 909 94 25 dete&ta
927 909 51 25 funt
988 911 69 26 quae-

106 971 53 24 dam
176 967 70 25 Mife.
265 971 47 17 cur.
330 963 59 24 Dec.
401 960 41 24 III.
462 958 30 23 A.
508 955 31 24 II.
557 954 54 23 106.
634 951 24 24 in
673 954 94 19 tumore
788 945 31 24 ib.
844 950 55 24 203.
933 942 28 22 In
973 941 87 20 cancrO

107 1002 135 26 exulcerato
259 998 32 24 D.
302 996 19 24 I.
337 995 29 23 A.
378 994 29 23 II.
421 993 100 23 latentes
532 988 23 23 in
568 986 77 24 ulcere
661 981 68 33 pedis
743 980 29 23 A.
784 978 42 23 IH.
841 983 55 23 gı2-
918 973 25 22 in
961 967 98 25 tumori-

106 1037 44 24 bus
160 1030 134 28 folliculofis
305 1028 66 26 D.11.
379 1027 28 23 A-
410 1025 57 25 VL.
477 1023 36 24 16.
522 1017 101 27 abfceflü
634 1017 64 23 furae
710 1012 63 24 A.V-
787 1012 95 27 app-33;
892 1003 31 35 ad
931 1007 63 26 genu
1003 998 59 25 D.].

108 1069 31 24 A.
153 1067 44 23 IV.
210 1072 54 21 ıg0.
296 1063 39 22 De
350 1058 117 25 vermibus
484 1055 105 23 ulcerum
606 1049 49 23 vid.
671 1039 152 30 Steeneveldi
839 1035 58 25 Diff.
909 1039 66 32 inter
988 1037 73 29 opera

108 1098 84 28 Bidloi.
213 1097 27 22 In
251 1093 91 25 veficae
352 1089 101 27 abfceffu
464 1084 96 35 putrido
567 1080 117 33 Hildanus
690 1079 98 33 vermes
801 1071 17 22 I.
825 1070 40 36 56.
874 1066 26 26 &
908 1075 23 17 in
945 1067 118 25 ulceribus

109 1130 104 33 antiquis
226 1125 181 30 vulneribusque
420 1122 100 23 militum
537 1117 97 29 egomet
647 1108 61 35 vidi.
741 1106 57 35 Sunt
808 1102 24 24 hi
842 1106 26 19 ut
879 1101 127 32 plurimum
1019 1100 46 24 lar-

110 1174 46 16 vae
176 1162 93 26 mufcae
285 1156 101 32 vulgaris
401 1154 24 24 &
441 1149 132 27 earnariae,
591 1143 26 26 &
634 1151 13 16 a
665 1140 119 30 Chirurgis
796 1135 141 33 quibusdam
948 1135 28 25 ad
991 1134 73 30 depu-

110 1197 74 26 randa
196 1192 97 27 fordide
298 1186 105 35 prodeffe
414 1184 134 25 creduntur-

145 1231 27 22 In
188 1226 66 27 omni
270 1223 51 25 fere
337 1218 74 27 fluido
429 1215 48 25 aeri
494 1210 105 33 expofito
613 1212 94 27 reperta
718 1204 48 26 efe
775 1204 56 25 viva
845 1199 151 28 animalcula,
1014 1194 53 31 guis

112 1262 91 27 nefeit?
220 1258 89 26 Eadem
328 1255 24 24 in
364 1250 79 36 fuidis
454 1246 117 34 plerisque
591 1243 92 31 cerporis
700 1238 106 26 animalis
821 1232 117 35 patefecir
953 1226 113 38 induftria

112 1291 187 30 Leuwenhoekii
316 1288 26 25 &
356 1287 104 24 aliorum-
494 1277 110 27 Celebres
618 1276 52 24 funt
684 1272 122 26 feminales
817 1262 123 29 vermiculi
956 1267 23 17 in
998 1260 69 34 liqui-

113 1329 34 24 do
162 1325 139 27 mafeulino,
322 1323 68 30 faepe
405 1315 127 32 bieipites;
550 1309 61 25 unde
623 1316 42 17 eos
685 1306 70 25 inftar
766 1295 228 38 Pfeudopolyporum
1013 1295 57 32 (Po«

114 1363 66 30 Iypes
191 1366 13 16 a
215 1354 116 34 bouquer)
348 1361 40 24 per
399 1347 179 36 biparritionem
589 1339 150 34 multiplieari
749 1328 200 41 verofimillimum
958 1326 36 25 fit,
1019 1328 50 24 Re

113 1392 64 36 perti
190 1396 121 27 praeterea
330 1391 119 19 narrantur
470 1376 125 29 vermiculi
606 1375 23 23 in
644 1372 114 33 fanguine
771 1364 70 37 Mife.
858 1368 59 29 cur
925 1360 62 24 D.1.
1005 1359 65 25 AL

115 1425 50 27 obf.
179 1431 54 23 190.
252 1421 75 32 (quos
342 1425 79 17 tamen
438 1419 118 26 nunquam
569 1403 185 30 Teuwenhoekii
765 1404 62 20 acies
842 1400 104 30 reperite
958 1394 78 31 potuit
1042 1392 29 33 )5

116 1462 28 26 In
159 1457 85 30 faliva,
261 1453 107 26 dentium
384 1457 84 23 muco,
484 1447 24 25 in
519 1451 59 29 pure
595 1439 142 29 abfceffuum
752 1433 165 28 ulcerumque,
934 1433 24 19 In
974 1427 98 56 Iyropna

1046 1463 28 19 =

1149 1303 3 12 N

1149 1319 1 13 |

1149 1334 2 13 |

1149 1348 2 18 !
