1192 1608
50 301 16 41 De

336 79 567 43 INAUGURALTEN

147 136 114 28 Adorum
275 137 60 26 Dec.
348 139 19 24 I.
392 140 47 24 vol.
455 147 36 17 rı.
509 147 23 25 p.
545 147 39 23 51.
603 139 56 34 {.5.
696 141 84 31 Nuper
802 150 90 18 novum
911 144 130 30 monftrum
1055 147 49 31 pri-

148 178 89 18 marum
250 171 92 25 viarum
363 172 102 25 innoruit
485 180 30 17 ex
537 173 56 24 adtis
609 173 221 32 Edimburgenfibus
847 176 48 24 vol.
909 177 30 23 IL.
957 178 48 23 obf.
1021 186 37 23 24.
1076 179 27 25 &

148 203 136 25 narratione
306 205 47 24 Th.
366 205 92 24 Bondin
475 206 24 23 in
519 206 152 31 Penfylvania
690 208 102 28 medici,
822 209 49 23 vid.
891 209 107 25 Medical
1021 212 79 24 obfer-

148 234 93 26 vations
248 235 25 26 &
280 237 120 32 Enquiries
412 239 30 31 by
454 246 13 16 a
478 239 96 31 Society
585 237 29 25 of
620 237 130 32 phyficians
759 240 22 35 in
791 240 109 25 London.
913 243 40 23 vol.
957 244 30 22 I.
998 250 51 25 pag.
1059 246 40 24 68.

148 267 72 34 Quod
246 268 62 26 forte
323 278 46 16 non
386 270 81 30 inepte
488 270 101 25 derivari
612 270 75 31 pofler
696 272 39 35 ab
747 272 114 35 hirudine
879 274 134 31 deglutita,
1035 276 66 32 cujus

147 302 135 29 exemplum
300 303 79 30 palato
392 301 97 30 afflızae,
506 302 157 37 haemoptoen
680 310 84 17 cientis
775 302 25 25 &
814 304 59 24 duos
890 305 50 25 fere
952 309 97 30 pollices
1063 317 39 16 ae-

148 333 92 33 quantis
250 334 24 22 in
288 342 87 23 aegro,
390 334 99 24 traditur
502 342 13 16 a
526 335 114 25 Pafferato
655 344 23 16 in
690 337 80 31 Journ.
789 336 30 24 de
832 337 185 37 Vandermonde
1031 345 70 28 1758.

144 365 105 25 Fevrier.
268 365 155 33 Similiterque
435 367 114 31 juniorem
559 368 22 24 in
593 375 57 24 potu
663 369 101 24 hauftam
775 369 149 32 cardialgiam
935 374 165 32 vomitumque

147 402 123 25 eruentum
281 398 110 25 lerhalem
404 399 112 25 excitaffe
528 401 103 23 vidit‘R.
646 402 26 23 C.
691 402 118 24 Fabricius
820 402 23 24 in
857 409 127 18 comment.
1003 405 30 23 de
1049 408 50 23 ani-

145 429 54 23 mal.
212 429 172 26 Wetteraviae.
403 432 98 24 Helmft.
516 440 69 22 1749.
604 435 22 24 8.
644 441 23 23 p.
678 440 39 23 54.
741 435 25 23 In
781 435 103 30 piscibus
895 437 59 24 varüis
956 437 85 25 varia
1054 439 45 24 alia

145 460 178 33 deprehendas,
340 463 151 31 haeruculas,
509 465 120 30 fafciolas,
647 466 115 24 afcarides
780 467 40 32 (in
834 469 61 23 ranis
907 468 24 25 &
943 470 156 33 lacertisquo-

145 501 45 25 que
204 496 178 33 reperiundas),
400 497 149 25 hirudinellas
565 505 46 18 cet.
647 499 131 32 Sıngulares
792 508 92 24 quoque
902 501 52 25 funt
968 511 93 23 vermes
1073 506 25 23 in

148 527 161 26 columbarum
320 548 5 10 ,
345 529 100 33 ftrygum
457 548 6 11 ,
482 531 104 24 anferum
597 548 8 12 ,
627 530 135 26 ftruthionis
779 533 140 30 interaneis;
943 536 25 23 Ih
987 536 113 32 Tygridis

144 559 55 33 gula
210 559 25 25 &
247 562 132 24 ventriculo
391 570 92 17 vermes
496 564 85 23 multos
594 571 99 24 parvos,
712 565 119 25 fubrubros
844 566 29 24 du
885 567 78 24 Halde
974 568 70 25 Tom.
1053 571 47 24 IV.

142 600 24 22 pP.
180 595 54 27 248.
253 595 104 29 reperit,
375 594 25 25 &
417 596 155 24 ventriculum
587 598 50 29 ejus
653 598 118 23 vermibus
787 598 154 29 plenifimum
959 601 142 26 Miflionarii

142 624 24 23 in
181 625 88 27 China,
286 626 61 22 Hift.
364 626 28 23 de
405 626 88 23 PAcad.
515 629 69 26 1699.
603 635 23 21 p.
634 634 43 27 51.
701 629 26 21 In
743 629 130 23 univerfum
889 630 44 23 hae
942 632 91 30 primae
1044 636 55 23 viae

141 655 131 32 peregrinis
283 661 70 25 atque
367 656 126 30 parafiticis
507 657 143 24 animalculis
662 658 59 24 adeo
734 665 82 24 patent
827 666 70 27 atque
908 661 94 33 favent,
1020 672 26 18 ut
1056 674 42 18 ne

142 695 40 18 mo
196 686 49 25 fere
261 687 122 25 hominum
400 688 27 25 jis
446 696 48 17 non
515 689 143 26 laboraverit
675 691 24 24 in
716 692 75 31 prima
805 693 127 32 juventute
949 703 41 18 aut
1008 699 90 33 reliqua

141 722 67 28 vita,
225 720 135 33 nullumgue
376 730 74 23 paene
465 722 90 26 fecetur
570 723 84 25 animal
671 725 62 32 quod
748 733 46 18 non
809 727 137 26 alterutram
965 731 37 24 vel
1020 732 77 31 plures

141 753 90 32 fpecies
242 753 24 24 in
278 754 112 26 inteflinis
400 756 52 25 alat.
488 757 34 24 Urt
537 762 92 20 taceam
643 758 30 24 de
684 759 173 32 microfcopicis
871 762 144 27 animalcalis
1030 765 14 25 f,
1059 766 37 24 vi=

142 787 36 22 vis
196 788 84 23 atomis
298 788 107 32 chymum
421 797 70 24 atque
509 797 152 18 excrementa
678 793 133 23 animalium
827 796 154 24 tranantibus.
1015 799 27 23 In
1053 806 42 16 ve-

142 823 76 18 terum
229 822 158 23 monumentis
397 820 25 25 &
435 822 59 31 apud
509 823 114 30 quosdam
637 831 93 24 quoque
744 826 144 24 recentiores
901 828 99 31 legimus
1016 835 78 19 cater-

140 850 76 23 vatim
233 851 24 23 in
270 852 131 25 ventriculo
418 860 106 24 repertos
538 854 121 30 pediculos
670 872 7 12 ,
695 855 146 33 monftraque
857 858 121 27 innumera
999 869 95 19 vermes

139 882 125 30 bicipites,
282 883 150 30 bicaudatos,
448 885 75 24 felino
534 887 92 29 capite,
643 887 182 31 cancriformes,
842 889 187 35 lacertiformes,
1042 896 52 30 pul-

140 914 24 23 lo
181 913 128 32 gallinaceo
325 915 97 29 fimiles;
440 924 79 21 ranas,
538 918 113 31 bufones,
669 920 133 31 ferpentes,
819 929 77 19 mures
914 926 55 24 alvo
991 927 101 32 rejelta,

137 946 112 32 pleraque
264 945 91 25 fabellis
365 947 185 30 adnumeranda,
568 956 42 18 aut
623 959 30 17 ex
669 952 198 27 cucurbitinorum
883 957 70 26 larvis
967 959 16 24 f.
997 960 95 25 involus

137 979 46 25 eris
205 978 118 26 variorum
341 980 155 25 animatorum
514 980 88 26 formas
619 984 169 25 mentientibus
815 986 76 26 efli&ta
907 996 26 17 ut
954 992 60 24 bene
1032 1001 58 17 con-

135 1013 55 30 jicit
203 1012 102 26 Lifterus
315 1013 56 26 Phil.
384 1014 81 25 Tranf.
484 1022 22 16 n.
518 1021 39 24 95.
576 1014 15 24 fi
603 1015 62 24 forte
681 1016 135 25 ranivomos
832 1020 113 30 quosdam
962 1025 126 31 agnofcas,

137 1045 83 30 quibus
237 1046 71 25 fidem
325 1048 119 32 denegare
464 1048 110 32 prohibet
591 1047 176 25 obfervatorum
784 1051 112 30 probitas,

170 1077 26 22 In
208 1077 86 31 Aepate
305 1079 25 25 &
345 1081 80 24 bilario
442 1081 135 33 fyftemate,
594 1081 96 31 ovium,
708 1081 140 33 vitulorum,
866 1093 140 27 cervorum,
1023 1091 66 32 lepo-

136 1115 67 22 rum,
221 1116 125 23 porcorum
357 1113 120 25 abundant
488 1114 109 25 fafciolae
608 1115 92 28 variae,
717 1115 71 31 inque
800 1115 103 29 humano
916 1122 110 31 jecinore
1037 1132 13 15 a
1065 1124 23 25 fe

135 1140 60 25 vifas
211 1140 77 25 afferit
299 1144 107 31 Bidlous,
423 1148 197 30 quemadmodum
636 1149 50 30 ipfe
699 1155 92 26 quoque
801 1150 103 28 Berolini
920 1155 93 24 easdem
1025 1164 62 16 mor-

135 1179 64 23 tuas,
217 1174 176 31 contrattasque
407 1185 67 17 ramo
490 1180 104 29 hepatici
615 1181 80 24 ductus
711 1182 134 26 incuneatas
860 1186 24 23 in
902 1186 104 24 feminae
1018 1189 69 24 cada-

134 1213 57 18 vere
208 1206 56 24 vidi.
291 1206 150 31 „$ubintrant
454 1210 96 25 bilarios
566 1211 83 26 du&tus
664 1214 121 25 Lumbrici
799 1217 155 28 inteftinales,
972 1220 73 29 qualis
1061 1221 25 25 in

133 1239 159 33 Wirjfungiano
304 1247 92 25 quoque
408 1239 69 26 dultu
491 1242 23 24 fe
524 1244 87 25 obtulit
622 1246 152 26 Maucharto,
809 1250 90 23 Acaros
908 1256 79 19 autem
1000 1253 84 26 viven-

133 1271 54 28 tes,
211 1273 23 24 in
249 1274 93 31 hepatis
358 1273 183 33 parenchymate
556 1276 60 25 folus
630 1279 63 24 vidit
707 1280 106 24 Bianchi.
853 1282 26 22 In
900 1282 68 32 hujus
989 1285 96 27 vifceris

133 1303 112 26 folliculis
262 1308 61 31 apud
340 1307 72 32 pifces
435 1307 135 31 praefertim
585 1318 82 23 percas
681 1311 25 24 &
724 1312 69 23 etiam
811 1314 81 23 efoces
904 1333 6 11 ‚
929 1318 156 34 Cyprinosque

131 1337 59 24 latos
201 1340 115 24 taeniolae
327 1340 129 25 nafcuntur.
492 1341 27 24 In
533 1344 100 24 murium
646 1345 86 30 hepate
743 1344 105 26 crefeunt
862 1348 36 24 vel
913 1351 117 26 taeniolae
1044 1361 39 24 cy-

131 1369 97 25 ftidibus
246 1373 130 30 co&reitae,
393 1380 25 17 ur
431 1373 105 32 Onymos
551 1377 61 29 apud
629 1384 45 17 van
687 1377 128 24 Doeveren
832 1387 22 24 p.
868 1387 39 24 24.
924 1383 117 26 Frifchius
1057 1387 25 23 in

132 1402 73 36 Mife.
218 1403 74 25 Berol.
317 1405 29 24 T.
367 1407 43 24 VI.
433 1406 24 24 P.
475 1414 20 16 1.
520 1415 22 23 p.
564 1416 53 18 ı21.
639 1408 25 25 &
683 1410 106 24 Hallerus
806 1411 23 25 in
846 1421 77 26 progr.
943 1416 30 25 de
987 1418 95 24 calculis

131 1434 86 26 bilarlis
233 1436 48 33 (cf.
293 1439 79 31 opufe.
388 1439 89 33 pathol.
494 1447 23 25 p.
532 1441 58 34 81.)
606 1443 166 29 obfervarunt,
789 1445 40 25 vel
843 1447 108 27 lumbrici
970 1450 110 32 hydropi-

583 1494 4 5 .
716 1477 24 23 A
758 1483 12 25 3
1044 1482 42 32 ci,

128 1529 13 7 S

1178 833 2 25 i

1178 869 2 12 il

1178 882 2 15 |

1097 1414 32 67 /
