1192 1608
93 98 33 31 36
242 93 413 29 DISSERTATIO
704 90 231 27 MEDICA

95 157 93 31 {picuos
204 154 99 33 (contra
324 154 91 32 Andryi
435 152 158 32 fententiam)
611 151 169 33 pinguedinem
795 149 46 25 efle
857 148 197 27 verofimillimum

96 189 49 28 eft,
162 194 96 26 propter
271 187 133 31 analogiam
417 194 53 16 cum
486 185 121 24 moleculis
626 182 174 33 pinguedinofis
817 183 149 32 plerorumque
969 182 85 24 infe-

97 222 105 27 &orum,
220 228 70 24 arque
301 219 189 24 evanefcentiam
511 217 15 24 fi
545 216 83 25 ficcata
646 216 94 23 Taenia
762 214 54 24 oleo
838 215 104 31 tingatur
957 234 7 10 ,
987 221 67 25 prae-

98 262 112 22 tereagne
223 254 23 23 in
265 253 147 24 cucurbitina
435 270 6 10 ,
466 252 61 23 inter
549 250 99 24 ramulos
667 248 89 25 canalis
781 246 98 25 ladiferi
896 265 7 11 ,
935 249 34 22 ui
996 249 63 23 circa

97 287 54 24 vafa
162 286 132 31 pinguedo,
313 286 144 31 fpargantur.
492 284 86 30 Neque
589 290 55 24 ergo
654 290 54 16 cum
721 281 137 32 quibusdam
866 296 8 12 ,
897 279 100 31 globulis
1016 281 40 30 hy-

98 320 57 24 drae
167 319 15 24 f.
201 319 79 32 polypi
292 317 163 32 Tremblejani
465 315 171 32 comparandos
647 314 46 25 efle
705 314 99 28 cenfeo,
821 313 37 24 cui
869 311 131 25 fententiae
1009 320 48 17 non

99 359 132 25 repugnare
248 351 92 24 videtur
358 352 119 22 Bonnetus
495 349 13 23 |.
521 356 20 16 c.
562 348 110 24 Canalem
689 346 196 33 longitudinalem
899 354 41 23 per
952 345 105 24 medium

99 392 85 24 corpus
196 385 68 30 fupra
275 384 74 23 nodos
360 382 161 33 glandularum
540 381 112 24 continuo
668 380 74 24 tra&tu
757 379 40 24 fub
810 386 54 17 cute
880 378 162 25 decurrentem
1050 395 7 11 ,

99 418 51 24 fero
161 416 99 33 limpido
273 417 94 30 plenum
381 416 76 28 vidit,
473 413 25 25 &
511 413 75 25 Auzili
596 413 90 31 liquore
702 412 110 31 implevit
822 409 146 27 Winflovius
985 409 72 33 Epift.

100 451 29 24 ad
142 450 121 30 Andryum
277 449 79 31 Journ,
368 448 42 24 des
424 448 68 24 Scav.
508 454 69 23 1731.
595 454 23 22 p.
631 446 56 28 446.
705 445 83 23 Cutem
799 444 50 30 ejus
866 443 102 30 pluribus
980 443 79 24 lamel-

99 483 28 24 lis
142 481 155 32 compofitam
315 481 46 25 efle
378 481 59 24 dieit
453 478 158 26 Vieuflenfius
623 478 31 23 ib.
677 484 22 23 p.
716 484 55 22 441.
788 476 63 30 quod
864 476 48 29 ipfe
924 476 23 32 in
960 475 100 25 Taeniis

101 515 135 32 gafteroftei
248 515 62 23 clare
322 514 62 26 vidi,
404 514 23 22 in
441 512 68 23 ftrata
521 518 85 22 nempe
617 509 83 24 fibrofa
716 508 151 29 multiplicari
882 507 85 30 poteft.
1001 509 60 23 Lara

68 546 27 38 |
102 548 93 23 Faenia
210 555 53 15 cum
274 545 91 31 vulgari
377 552 13 15 a
406 544 115 31 plerisque
532 542 118 24 autoribus
660 539 167 29 confunditur,
845 539 104 30 adeoque
959 539 101 31 quae.de

103 580 74 32 priori
193 578 62 25 dieta
273 578 52 23 funt
346 577 77 31 aliqua
434 584 30 16 ex
481 582 66 24 parte
562 574 28 24 ad
604 574 60 23 hanc
676 574 116 30 pertinere
808 579 46 16 non
867 579 150 24 negaverim,
1035 579 25 17 ut

102 613 64 24 forte
178 610 99 33 Spigelii
299 610 127 25 lumbricus
442 609 77 28 latus,
539 606 26 25 &
584 607 81 30 Tulpii
688 612 71 26 atque
777 605 79 24 Fehrii
874 604 99 25 taeniae.
1008 605 52 23 Imo

103 646 39 32 qui
157 645 30 24 de
198 644 107 25 Jatiflimo
319 644 115 24 lumbrico
450 642 126 32 loquuntur
592 640 107 25 auftores
716 640 30 24 de
762 639 44 25 hac
821 638 48 33 ipfa
883 638 111 25 videntur
1006 645 57 25 age-

103 687 42 21 re,
161 686 59 24 quae
239 677 123 24 latitudine
377 683 82 17 omnes
475 676 100 30 reliquas
595 674 102 24 excedit.
733 673 90 25 Verum
840 679 77 17 tamen
939 672 72 23 rarior
1027 670 34 24 eft

104 711 107 56 yulgarl;
229 711 107 31 adeoque
353 709 61 33 apud
426 716 87 25 paucos
526 714 90 17 tantum
629 707 150 24 obfervatores
781 705 121 32 intelligi
917 703 144 26 credendum

105 752 42 15 eft.

139 776 91 23 Pariter
242 775 37 23 uti
291 775 103 29 reliquae
414 773 144 31 propagines
575 771 48 24 five
639 776 104 18 maturos
758 769 111 24 articulos
882 777 12 15 a
905 769 78 24 latiori
995 774 67 25 parte

105 808 123 28 demittit,
246 814 25 16 ut
284 806 71 23 docet
366 806 118 22 Linnaeus
498 804 100 22 Amoen.
618 803 14 22 l.
645 810 21 14 c.
685 802 41 30 fig.
739 801 51 23 ead.
824 801 31 22 Er
867 801 198 23 Herrenfchwan-

84 863 8 7 .
105 841 52 25 dius
171 848 73 25 grana
256 846 40 18 aut
306 837 126 26 moleculas
447 835 105 30 albidas,
570 842 53 18 cum
637 834 156 24 excrementis
808 840 124 25 aegrorum
945 832 44 25 hac
1000 833 63 25 Tae-

106 876 40 23 nia
157 873 157 29 obfefforum,
336 872 94 32 prodire
451 870 81 29 vidit,,
555 868 124 25 fecundum
696 868 133 27 Bonnetum
844 867 14 24 I.
872 875 21 16 c.
917 875 22 23 p.
952 869 55 28 482.
1024 867 40 31 qui

107 911 29 21 ea
149 915 43 22 pro
213 906 116 31 corruptis
350 902 40 27 at
408 903 106 26 alteratis
531 902 105 25 Taeniae
650 901 140 33 fragmentis
807 901 78 24 habet.
920 900 109 24 Solitaria
1040 900 24 23 in

107 939 140 25 animalibus
262 946 46 17 non
324 937 33 25 eft
372 939 75 30 magis
456 944 69 24 quam
537 936 107 31 reliquae.
679 936 117 23 Bonnetus
811 934 62 24 enim
887 933 61 31 apud
961 933 103 24 Herren-

107 971 159 25 fchwandium
279 971 59 24 vidit
353 972 56 23 bina
421 971 49 31 ejus
482 968 126 32 fpecimina
618 968 87 31 fingula
720 968 89 32 aliquot
823 967 106 23 ulnarum
947 965 41 24 filo
1003 966 58 23 inte-

108 1005 108 32 gerrimo
229 1003 124 30 inftruta,
371 1011 59 24 quae
442 1004 29 23 ab
488 1001 85 25 eodem
588 1001 96 23 homine
702 1000 64 23 fimul
781 1005 96 18 excreta
893 998 100 23 fuerant.
1034 997 32 23 Et

109 1038 72 24 talem
207 1046 53 16 cum
278 1037 92 24 Taenia
399 1036 93 24 alterius
508 1033 87 33 {peciei
612 1035 61 22 intra
694 1031 54 24 ofto
764 1031 64 27 dies,
852 1037 31 15 ex
904 1036 47 15 uno
970 1028 95 25 eodem-

109 1077 46 24 que
173 1076 100 23 corpore
288 1069 110 31 prodiiffe
415 1068 73 23 refert
512 1066 125 30 Dionyfius
654 1063 59 24 Diff.
732 1063 30 23 de
777 1062 98 23 Taenia.
911 1061 77 32 Hujus
1003 1062 64 24 forte

105 1102 95 31 Apeciei
222 1100 95 24 fuerunt
336 1108 47 17 tres
403 1101 53 23 illae
473 1099 106 23 Taeniae
597 1096 98 30 plurium
717 1095 104 23 ulnarum
844 1094 100 32 utrinque
963 1100 103 19 attenua-

112 1140 49 23 tae,
180 1133 29 23 ab
225 1133 83 23 ancilla
324 1133 107 31 expulfae
447 1138 72 26 opera
540 1127 95 26 Doftiff.
657 1128 89 31 Dozy,
768 1134 26 17 ut
810 1133 77 18 narrat
905 1136 46 16 van
968 1128 99 24 Doeve-

106 1176 47 16 zen
170 1173 55 25 pag.
242 1172 39 23 41.
317 1165 89 24 Nefcio
423 1173 27 16 an
471 1164 175 30 hujus'quoque
663 1161 86 30 fpeciei
765 1159 68 25 fuiffe
843 1161 79 24 dicam
934 1179 6 11 ,
957 1161 24 23 in
1003 1161 64 24 canis

106 1199 97 25 "diffeti
221 1197 66 26 tenui
306 1196 108 25 inteflino
430 1202 120 25 repertam
563 1212 6 11 ,
588 1201 67 24 quam
671 1195 108 32 utringue
796 1201 144 18 attenuatam
954 1211 6 10 ,
989 1194 79 30 capite

112 1232 163 26 fubbioculato
287 1250 6 9 ,
316 1229 75 25 cauda
410 1227 143 25 acutıufeula
566 1245 6 9 ,
594 1227 122 31 minusque
732 1227 71 25 latam
827 1227 66 24 fuifle
907 1226 80 24 feribit
1000 1226 68 22 Tim-

113 1273 121 17 mermann
247 1264 28 25 ad
289 1265 89 24 calcem
394 1260 176 26 Differtationis
593 1259 102 26 Fabricii
713 1261 29 24 de
753 1260 95 25 afcarid.
865 1258 24 23 &
905 1257 118 24 lumbricis
1038 1257 31 26 la-

114 1300 32 22 tis
158 1298 137 30 Duisburgi.
315 1304 69 24 1733.
408 1293 173 26 Concluderem
598 1301 28 16 ex
646 1294 86 23 ultimis
746 1293 117 23 Taeniam
881 1289 100 25 noftram
993 1292 77 29 nafei,

115 1329 26 24 &
161 1329 127 31 perfellam
304 1329 103 25 inveniri
425 1329 99 29 utringue
540 1331 121 19 attenuato
684 1333 99 25 corpore
795 1328 15 24 ,'
832 1322 62 32 quod
917 1323 152 27 Confirmatur

116 1362 165 32 fpeciminibus
292 1370 60 23 quae
365 1364 23 22 in
404 1361 101 31 pifeibns
520 1368 14 15 a
547 1357 103 25 Frifehio
663 1357 25 25 &
698 1366 38 16 me
749 1357 49 31 ıpfo
808 1363 106 23 reperta,
921 1356 114 33 deferipfi.

149 1394 68 24 Haec
230 1394 24 24 in
268 1401 83 18 ventre
362 1393 133 33 gafteroftei
508 1392 23 24 in
543 1390 84 25 molem
643 1391 154 32 proportione
809 1388 28 25 ad
849 1389 135 33 pifeiculum
996 1390 73 24 maxi-

117 1435 63 18 mam
196 1427 104 28 crefeit,,
321 1427 152 30 utplurimum
489 1424 119 27 folitaria,
639 1425 117 23 collocara
781 1430 98 24 corpore
900 1424 169 31 conduplicato

116 1462 64 24 inter
194 1458 102 30 vifcera,
315 1467 58 24 quae
388 1458 135 31 comprimit
534 1456 25 25 &
569 1456 98 28 exfucca
677 1456 90 29 reddit,
784 1457 103 23 maxime
902 1456 81 32 hepar,
998 1456 71 24 laltes

116 1494 27 25 &
154 1493 96 30 ovaria;
269 1492 61 24 unde
343 1492 108 27 fterilitas
462 1490 164 33 pifeiculorum
641 1489 159 26 taenioforum
815 1490 108 32 fequiwur.
959 1491 61 23 Non
1034 1495 36 16 ra-

1047 1528 27 17 ro
