1192 1608
100 71 24 38 2
227 79 418 28 DISSERTATIO
694 79 243 26 MEDICA

104 141 202 31 confanguineus,
328 137 26 27 &
373 139 23 24 in
414 138 77 25 fcabie
512 137 76 26 ferina
605 145 80 17 acarus
703 137 136 24 exulcerans
863 137 85 32 (Linn.
968 138 33 32 fp.
1022 140 39 23 16,

105 175 38 25 ed.
156 174 49 33 X.)
224 174 121 26 habitant,
361 172 102 24 Amoen.
481 171 65 25 acad.
560 171 42 24 II.
622 178 57 24 333.
698 171 26 22 In
736 169 159 32 Elephantiafi
909 171 155 33 Nigritarum

104 208 110 24 Mufcam
230 208 92 29 Leprae
346 203 86 33 (Linn.
451 203 34 33 fp.
505 203 57 33 70.)
584 202 136 25 obfervavit
733 202 155 24 Rolanderus.
923 203 27 24 In
967 203 97 30 puftulis

102 240 54 25 fere
173 239 110 25 omnibus
304 236 143 26 vermiculos
472 235 76 26 adeflfe
571 235 116 25 affirmant
712 235 69 24 Mife.
804 242 47 16 cur.
874 235 31 23 D.
929 242 37 16 11.
984 237 29 24 A.
1032 237 31 24 X.

105 281 54 23 app.
173 280 43 23 35;
235 272 24 24 in
276 271 94 24 variolis
384 270 80 24 Borell.
479 270 70 24 Cent.
566 277 22 16 2.
607 269 49 24 obf.
671 276 39 24 72.
729 266 25 26 &
765 267 107 25 Naturae
883 267 85 24 curiofi
985 269 80 29 paffim

105 306 145 24 obfervarunt
254 310 24 23 ;
292 305 72 30 inque
372 302 107 26 variolofi
492 302 92 32 fcapula
595 309 85 25 agmen
691 301 195 29 vermiculorum,,
895 299 64 25 forte
971 300 94 26 mufcae

106 339 133 27 carnariae,
256 337 123 25 inventum
392 336 89 31 legitur
493 336 24 23 in
529 335 133 25 Commerce.
679 336 63 24 Nor.
760 334 89 25 vol.X.
867 342 22 24 p.
902 341 39 24 75.
960 334 47 24 Sub
1022 341 41 17 un-

106 372 98 31 guibus,
222 377 127 25 penetrans
367 370 71 23 Pulex
452 368 72 24 Linn.
539 368 33 31 fp.
588 376 22 17 2.
628 369 88 31 Tunga
731 367 75 25 di&tus
818 385 8 12 ,
844 368 143 24 Americanos
989 373 75 19 tor-

107 410 64 24 quet.
211 403 47 23 Sub
275 406 48 19 eure
342 398 82 26 dorfali
444 401 71 23 boum
534 406 72 26 atque
628 400 188 32 rhangiferorum
833 401 79 21 larvae
928 400 137 23 Oeftrorum

106 436 71 24 Linn.
196 442 21 16 ı.
235 441 14 17 2
270 433 121 30 crefeunt;
408 433 64 32 prius
486 432 49 33 jam
546 440 13 17 a
571 433 135 26 Valisnerio
719 432 157 32 deferiptum;
894 429 25 26 &
932 432 62 30 quod
1004 433 61 23 Ara-

106 469 44 24 bes
170 468 40 24 fub
231 467 102 24 hominis
349 473 54 18 cute
423 470 76 21 totum
521 473 86 25 corpus
631 465 208 27 tircumambulare
851 483 6 11 ,
886 463 178 33 perhibuerunt,

105 501 103 24 Vermes
225 508 30 17 ex
272 506 54 19 cute
343 499 59 25 dorfi
417 499 116 25 habentur
551 500 25 23 in
594 499 69 24 Mıfe.
679 507 49 16 cur.
751 499 30 24 D.
801 506 20 16 ı.
844 498 62 24 Ann.
925 504 21 16 1.
966 504 23 23 p.
1010 499 54 23 180.

108 534 114 24 Crinones
238 541 59 16 vero
313 531 25 25 &
356 532 148 24 Comedones
521 532 117 23 infantum
658 537 177 18 excrementum
859 530 61 25 cutis
940 529 126 25 febaceum

108 565 46 26 efle
166 566 52 24 fatis
235 564 105 33 conftat,
356 564 31 24 cf.
400 571 47 16 van
459 564 128 23 Doeveren
601 563 59 24 Dill,
679 571 22 23 p.
716 571 22 21 5.

111 599 57 31 „In
180 596 96 32 cellulofo
292 596 90 30 trata,
398 595 84 25 Gordii
495 595 123 25 cuniculos
636 601 73 26 agunt
725 602 42 24 per
779 600 76 17 totum
868 601 99 24 corpus;
985 594 36 23 Ibi
1040 593 26 25 &

82 630 101 40 jaliud,
201 630 104 33 illadque
317 628 112 34 fingulare
441 627 25 27 &
475 628 121 25 feriforme
606 636 75 25 genus
693 627 183 25 vermiculorum
889 626 107 30 hbabitat,
1003 627 64 31 quod

108 666 24 23 in
147 664 109 24 ce}ulofa
272 663 134 31 peritonaei
415 663 117 23 Lacertae
549 662 118 24 africanae
679 661 201 29 candidifümem,
896 659 27 26 &
930 659 31 26 in
970 660 97 24 muftela

85 705 13 29 ij
108 697 96 33 putorio
222 696 71 31 inque
304 695 71 25 leone
384 694 41 26 {ub
442 701 55 18 cute
509 700 70 26 atque
591 695 24 23 in
627 695 99 30 propriis
747 694 124 28 folliculis,
884 693 61 24 vidit
956 693 35 23 Cl.
1004 692 64 24 Redi

107 729 80 32 opufe.
207 729 30 23 T.
249 728 43 24 III.
309 735 75 23 p.'30.
398 728 39 29 36.
472 727 108 24 Taeniae
599 726 157 32 hydatoideae
774 725 123 31 hydatides
913 725 154 23 mentiuntur.

105 763 99 31 Corpus
209 766 109 25 penerrat
329 759 26 24 &
366 764 94 27 torquet
471 759 72 24 Furia
559 758 119 32 (Linnaei
691 766 54 23 gen.
758 764 53 23 245.
824 758 101 23 Amoen.
940 756 68 25 acad.
1023 757 43 23 Ill.

106 794 76 33 322.)
201 793 77 24 dirum
290 799 82 25 genus.
395 792 28 23 In
435 793 100 22 mammis
547 791 140 24 obfervatos
699 797 92 17 vermes
803 790 108 23 Naturae
922 789 145 24 curioforum

108 826 122 26 volumina
246 824 125 30 referunt,
393 823 26 26 &
441 824 116 25 Gordium
573 832 14 16 e
606 831 103 17 mamma
728 821 103 26 extraxit
853 820 133 33 fimilesque
1013 829 55 20 cum

107 861 69 24 urina
193 865 69 27 atque
277 859 26 25 in
318 857 85 27 limofis
420 857 107 26 fontibus
541 858 87 32 reperit
641 856 128 25 Rondelet.
787 854 29 24 de
828 855 57 31 pifc.
903 855 76 32 Lugd.
995 862 72 23 1554.

175 899 24 23 4.

141 925 27 23 in
185 923 99 25 mucofis
298 925 86 23 narium
397 923 137 31 anfradtibus
546 923 154 31 fpeciatimque
703 921 47 25 in
761 920 52 32 finu
821 919 99 34 frontali
931 920 98 25 Oeftrus
1041 927 28 16 o-

108 957 70 32 vinus
191 957 69 23 Linn.
272 962 14 23 5
306 956 176 24 larvaseducat.
515 956 27 23 In
553 956 48 30 lupi
613 956 75 25 rabidi
701 954 48 25 offe
759 954 124 33 fpongiofo
895 961 91 17 vermes
995 953 72 24 Mifc,

105 997 53 18 ‚cur.
177 988 31 25 D.
223 996 20 17 ı.
261 995 54 17 ann.
327 988 42 24 II.
386 988 47 24 obf.
448 991 55 29 893,
522 987 26 25 &
558 989 24 23 in
595 989 74 24 milite
680 989 83 23 delirio
773 986 113 25 defun&to
898 986 100 23 hirfutos
1010 984 59 25 duos

110 1022 123 25 Fernelius
249 1028 79 18 narrat
345 1028 105 26 repertos
462 1021 74 25 fuiffe.
571 1021 175 31 Scolopendrae
757 1024 94 25 guoque
861 1018 24 21 in
889 1017 45 23 his
948 1016 60 24 locis
1019 1024 50 18 non

109 1053 178 32 infrequentes,
309 1062 59 22 quae
386 1055 140 30 cephalaeas
544 1054 120 23 diuturnas
679 1052 117 26 excitant,
815 1049 72 31 qualis
905 1055 46 18 ır2
969 1049 100 31 pedibus

109 1086 205 35 phofphorefcens
329 1092 25 17 ut
368 1086 93 24 videtur
474 1086 113 27 Linnaei,
609 1084 105 24 feminae
731 1089 41 25 per
788 1081 178 33 quadriennium
983 1082 86 25 infefta

109 1122 25 24 in
146 1118 63 26 Hift.
225 1118 31 24 de
268 1117 90 25 l!’Acad.
371 1119 29 23 de
411 1119 62 24 Paris
488 1119 70 29 1708.
576 1125 23 23 p.
611 1123 39 23 42.
669 1115 27 25 &
710 1115 77 25 fimilis
805 1113 53 33 poft
869 1115 69 23 trium
954 1122 114 18 annoram

110 1152 119 27 moleftias
245 1158 13 16 e
270 1151 51 23 viro
340 1150 56 24 ibid.
406 1158 69 23 1733.
489 1159 22 23 p.
521 1157 37 22 34.
576 1150 35 23 Ex
624 1149 88 24 femina
724 1148 96 27 ruflica,
839 1154 43 25 per
895 1155 89 18 novem
995 1156 74 16 annos

109 1184 164 33 gephalalgica
280 1188 145 23 ,excretam,
438 1191 54 15 cum
503 1182 76 24 fubito
591 1182 72 24 audtis
674 1182 119 23 doloribus
805 1180 24 25 &
839 1182 119 31 vertigine
970 1182 98 26 caduca,

111 1216 187 34 Scolopendram
319 1214 133 25 forficatam
476 1215 110 31 pollicem
608 1214 97 33 longam
731 1213 61 26 vidit
816 1213 95 35 amicifl;
927 1212 143 31 Hiltefeldius

109 1248 145 34 fimilemque
270 1248 154 32 Kerkringius
443 1247 49 24 obf.
503 1254 39 24 49.
562 1247 78 25 haber.

141 1282 129 34 Emundtos
283 1280 185 27 afcaridiformes
481 1280 141 25 vermicalos
635 1280 51 33 poft
702 1278 167 27 hemicraniam
884 1276 85 28 Borell.
989 1285 20 17 1.
1024 1286 45 22 19,

110 1323 37 24 39.
167 1314 24 25 &
204 1316 78 23 album
295 1316 74 24 latum
383 1315 126 31 palmarem
521 1313 121 25 Hollerius
655 1314 30 24 de
704 1312 120 25 vermibus
841 1308 77 26 habet.
955 1310 115 25 Prodiiffe

106 1356 33 17 ex
149 1352 63 19 antro
225 1348 157 31 Higbmorians
393 1348 104 24 feminae
507 1346 114 33 junioris,
640 1345 88 33 inje&to
744 1342 100 27 decolto
857 1343 134 25 Herbarum
1006 1351 63 17 ama-

106 1388 79 17 sarum
197 1397 7 12 ,
228 1381 61 23 ultra
304 1381 86 24 viginti
406 1381 110 31 digitales
533 1379 73 32 nigris
628 1379 119 32 capitulis,
770 1375 102 26 ceflante
885 1384 76 25 genae
976 1384 94 17 tumore

104 1419 58 19 orto
174 1420 52 16 cum
237 1390 232 55 Cephalalgia,quam
480 1412 99 25 efluxus
593 1412 108 32 Iymphae
713 1416 52 19 cum
778 1410 90 31 aliquot
881 1410 134 24 vermiculis
1027 1410 43 23 fol-

105 1451 85 24 verat,
209 1445 132 29 Commerce.
358 1445 85 26 Noric.
454 1445 32 26 V.
504 1446 42 23 iX.
564 1453 21 24 p.
600 1446 61 29 164;
679 1445 30 23 Et
722 1452 13 17 e
748 1448 89 19 tumore
849 1443 72 25 fummi
925 1443 65 24 nafi
1002 1450 67 16 enor-

106 1478 180 33 mi_cephalaea
302 1477 98 33 ftipato,
419 1479 59 25 ultra
491 1484 96 19 centum
603 1482 112 20 termetes
736 1477 98 29 molles,
853 1475 133 34 deprelfos,
1004 1475 64 23 cine-

794 1529 3 6 .
998 1514 68 25 1e05,
