1192 1608
343 79 564 41 INAUGURALITS
1074 104 38 27 ı£

176 144 38 25 Ab
227 143 85 24 eodem
323 144 122 26 clariffime
457 145 63 25 Viro
534 148 162 33 tranferiptam
712 151 191 28 obfervationem
919 154 82 28 Gordii
1014 166 30 18 ex
1057 167 42 25 pe-

142 175 31 26 de
191 176 45 23 viri
253 176 152 31 prodeuntis,
423 178 40 25 hic
480 178 83 26 infero.

174 207 46 25 Ite
230 209 35 24 vir
276 209 321 35 Neo-Brandenburgenfis,
616 214 78 26 calida
707 219 142 29 tempeftate
865 229 83 25 corpus
962 223 77 32 gelida
1050 227 49 22 vir-

139 239 58 31 gine
218 242 134 32 perfufurus
371 244 35 24 in
415 245 159 37 propinguum
601 247 88 25 flumen
723 249 49 32 (die
791 251 113 35 Tollenfe)
936 255 168 28 defcenderat..

139 273 84 26 Paucis
234 276 83 31 elapfis
331 277 81 24 diebus
424 278 101 30 percipit
534 286 24 16 in
574 279 67 25 dorfo
652 281 67 31 pedis
730 290 78 17 aream
823 284 169 30 inflammatam
1007 291 92 31 pollicis

130 304 62 27 -fere
203 308 132 30 diametro;
353 309 155 32 adhibitoque
521 311 134 31 pediluvio,
672 322 54 17 cum
742 315 87 33 aliquid
842 318 25 23 in
880 325 79 20 cutem
969 323 132 30 penetraffe

139 339 168 32 fufpicaretur,
325 342 112 23 attentior
452 342 67 25 videt
531 345 91 32 nigrum
639 349 205 33 prominulumgue
860 351 108 33 apicem;
986 363 70 24 quem
1075 364 26 19 ut

139 372 105 25 trahenti
255 373 123 33 fequacem
391 373 82 32 fenfic,
492 376 28 24 ad
535 382 27 25 13
574 379 67 31 pedis
656 381 174 35 longitudinem
841 384 97 32 eduzit,
955 387 40 24 füb
1007 389 96 32 nigrum

139 405 88 31 equino
250 407 49 32 pilo
320 406 96 26 fimilem
428 426 8 11 ,
459 411 159 26 evanefcente
643 413 81 32 poftea
744 417 94 25 rubore.
879 418 75 26 Addit
971 420 130 33 Hoempelius

137 437 63 31 Julio
211 438 26 26 &
248 439 107 33 Augufto
365 441 25 24 in
401 442 64 31 aquis
477 443 53 25 fuae
541 446 103 31 regionis
653 447 117 32 imprimis
781 450 120 26 abundare
908 453 116 32 Gordios,
1037 461 63 19 tum-

138 478 46 24 que
195 472 74 30 pifces
283 473 42 25 hos
337 474 109 25 inimicos
459 475 125 33 fugientes
594 481 120 24 turmatim
725 482 65 25 abire
801 490 30 18 ex
842 484 96 30 lacubys
950 487 95 26 illorum
1058 496 42 18 co-

137 504 158 31 pia_infeftis.

172 536 104 26 Gordius
299 538 211 33 freguentifimum
530 541 35 26 eft
582 543 85 26 malum
696 546 139 27 calidiorum
854 552 122 31 regionum
998 553 102 31 incolis,

136 571 138 28 praefertim
283 571 103 30 Perfiae,
406 573 93 30 Indise,
518 575 107 25 Guineae
639 583 46 18 cet.
698 579 31 24 de
742 588 47 23 quo
801 585 191 30 peregrinatores
1002 587 99 30 plurimi,

136 600 52 26 fufe
210 609 71 24 atque
305 605 128 30 diligenter
447 613 101 23 egerunt
558 616 7 19 ;
581 609 81 23 Multo
676 611 108 24 infeflior
799 621 78 17 autem
891 617 44 23 ilis
951 617 47 29 eft,
1016 619 15 23 fi
1047 621 52 30 qui-

136 633 56 23 dem
208 635 23 21 in
246 634 49 23 iftis
314 636 59 22 locis
387 636 30 22 ad
435 638 27 26 6,
482 638 36 28 77°
535 639 104 23 ulnarum
654 640 172 33 longitudinem
846 647 130 30 excrefcit,
994 649 26 25 &
1036 652 62 26 mala

136 665 70 32 faepe
219 665 73 25 multa
300 685 6 10 ‚
313 666 143 26 amiflionem
467 668 119 28 interdum
597 678 62 19 artus
669 672 26 26 &
706 682 102 20 mortem
819 678 74 32 ipfam
905 681 102 26 faceflit:
1017 684 84 27 exiens

136 700 61 31 primo
199 699 57 24 fili
272 698 71 26 inftar
356 702 89 28 tenuis,
464 702 53 25 dein
531 703 114 27 craßefeit
659 706 26 26 &
702 709 116 27 robuftior
836 712 40 32 fit,
894 713 63 34 fique
973 716 125 34 abrampa-

137 737 39 19 tur
192 732 213 27 inlammationem
426 737 57 25 artuj
504 736 74 27 infert
605 739 59 26 Phil.
683 748 69 19 trans.
776 752 23 18 n.
818 754 56 24 225.
908 749 38 25 Ex
970 750 131 33 Aethiopis

137 773 69 17 erure
216 766 130 26 extrattum
360 776 12 24 3
385 770 134 26 cubitorum
532 772 147 33 fongitudine
691 776 61 25 vidit
761 778 81 27 Amat.
857 781 124 27 Lufitanus
995 784 68 25 Cent.
1075 792 25 24 7-

137 806 48 17 eur.
199 802 39 28 64.
261 800 25 26 &
301 802 29 24 ad
349 810 14 17 2
379 804 66 23 ulnas
459 805 83 32 longos
559 814 30 16 ex
605 808 107 33 Chirurgi
726 814 136 24 narratione
878 815 80 25 adfert
967 817 130 31 Wepferus

135 831 71 23 Mife.
220 834 54 22 Cur.
288 834 31 23 D.
331 836 30 22 U.
380 836 70 24 A.X.
466 845 38 22 71.
523 838 89 25 Arabes
624 848 54 16 eum
691 850 83 16 omnes
785 852 172 25 memorarunt,
969 856 30 16 ex
1010 850 90 31 quibus.

134 863 123 25 Albucafis
267 865 115 32 quinque,
392 868 96 30 decem,
499 871 48 22 imo
558 871 118 26 interdum
691 875 87 30 viginti
792 877 90 30 palmos
894 881 118 25 excedere
1027 882 72 26 dicit.

134 895 55 24 Adde
191 896 64 24 his
265 898 37 22 Fr.
311 899 139 25 Lachmund
465 903 39 30 qni
515 902 29 24 de
556 902 90 28 Gordio
657 907 102 32 loquitur
772 909 23 23 in
809 911 70 25 Mife,
891 920 49 18 nat.
956 915 54 23 Cur.
1027 916 31 23 D.
1073 924 25 16 1.

134 928 68 30 A.4.
221 927 59 32 &5.
314 930 37 24 Ex
363 932 74 24 Indis
450 934 100 24 reduces
563 943 29 16 eo
605 937 88 26 affe&tu
703 940 119 26 interdum
834 944 53 30 poft
902 948 86 25 multos
999 947 99 27 demum.

134 961 92 25 imenfes
235 963 164 33 corripiuntur.
733 972 9 8 .

168 995 27 25 In
206 996 78 26 noftra
295 997 70 26 etiam
374 998 95 33 Europa
479 999 107 26 homines
600 1008 108 26 torquet,
725 1006 64 29 quod
805 1015 93 21 praeter
910 1011 105 31 fuperius
1029 1014 64 25 adla-

135 1032 50 19 tum
198 1032 137 31 exemplum
347 1051 6 10 ,
376 1032 73 26 docet
463 1034 72 24 etiam
552 1034 141 26 Hoffmanni
710 1038 162 33 experientia,
892 1043 40 31 qui
951 1045 62 30 apud
1023 1054 76 25 aguas.

134 1056 172 31 Hornhufanas
317 1066 122 24 mendicos
451 1074 29 16 ex
493 1067 56 24 furis
561 1068 71 29 tales,
650 1076 14 22 5
675 1075 40 18 aut
728 1071 16 22 6
753 1071 125 33 pollicum,
897 1077 124 26 extrahere
1033 1080 61 24 vidit

134 1089 151 31 (Commerce.
302 1096 61 25 Nor.
383 1099 13 23 I.
410 1099 41 32 ©.)
469 1099 24 24 &
507 1100 192 26 Schwenkfeldus
715 1103 24 23 in
752 1103 173 37 Theriotroph.
940 1110 67 26 Siles.
1021 1113 76 31 Lign.

134 1123 71 29 1603.
223 1132 22 23 p.
253 1129 55 32 556.
327 1131 128 29 qui.narrat
468 1133 74 24 virum
553 1152 6 11 ,
574 1134 29 25 de
613 1135 139 31 nephritieis
763 1138 129 35 colicisque
905 1143 118 27 doloribus
1035 1152 59 17 con-

133 1154 105 33 queftum
252 1163 150 29 ingentibus,
420 1172 118 29 operague
554 1166 37 25 fua
608 1170 76 28 ufum,
701 1171 125 26 extraxiffe
845 1183 41 22 per
898 1177 117 24 urethram
1027 1177 66 26 flum

134 1184 116 36 eubitale,
268 1190 51 25 diro
332 1200 53 17 cum
398 1201 130 25 tormento,
548 1201 175 26 mitefcentibus
734 1203 56 26 inde
802 1205 183 33 fymptomatibus
988 1217 25 21 ;
1024 1211 74 24 item-

132 1229 46 24 que
190 1224 156 27 Rondeletius
357 1226 54 25 loco
422 1228 80 32 faepius
503 1232 62 23 cit.
585 1236 38 29 qui
635 1243 30 16 ex
676 1238 111 23 mammis
801 1238 102 26 feminae
920 1240 177 35 honoratioris,

133 1254 26 37 &
171 1264 54 18 cum
239 1259 66 25 urina
316 1260 143 33 prodeuntes
471 1263 76 30 vidir,
565 1266 131 34 fimilesque
710 1269 92 25 invenit
813 1272 23 22 in
851 1272 106 26 fontibus
969 1275 87 26 craffae
1067 1277 25 25 &

131 1288 104 27 Vifcidae
247 1300 86 25 aquae,
352 1296 93 31 nigros,
461 1296 103 31 pedales.
601 1301 100 31 Optime
715 1302 72 24 etiam
801 1309 83 19 notum
899 1306 131 28 Smolandis
1046 1310 46 26 efle

133 1320 72 27 docet
218 1324 118 28 Linnaeus
348 1328 72 25 Faun.
433 1328 68 25 Suec.
517 1333 70 28 1265.
606 1334 29 23 Ic.
649 1333 81 25 Gothl.
744 1337 60 28 282,
824 1344 99 25 quorum
934 1340 81 28 ruftici
1024 1345 30 23 ab
1063 1352 34 17 eo-

129 1358 162 30 paronychias
309 1362 99 24 excitari
419 1362 100 25 credunt
531 1363 24 25 &
570 1373 81 17 curant
663 1374 53 17 eum
728 1369 106 24 morbum
848 1379 70 24 quem
932 1382 48 17 uno
995 1377 96 24 nomine

121 1393 66 17 “cum
206 1397 81 19 verme
304 1394 80 25 dicunt
401 1396 140 31 Ondahetet,
562 1400 133 30 aperientes
715 1401 125 26 abfeeflum
859 1406 95 25 cultello
974 1416 46 24 quo
1038 1417 58 16 cum.

131 1416 116 30 fruftatim
266 1424 140 28 diffecarunt
425 1429 131 31 Gordium;
572 1432 67 32 hujus
655 1439 78 19 autem
751 1434 96 27 fruftula
865 1447 74 24 aquae
956 1442 93 23 reddita
1066 1441 29 23 in

112 1452 122 36 „totidem
248 1459 109 24 animalia
374 1460 90 26 reftitui
478 1470 101 18 narrant.
613 1466 71 25 Adde
698 1467 36 24 his
746 1468 58 24 Ant.
819 1469 114 27 Guenotii
944 1473 94 24 Parifini
1050 1473 43 24 ob-

130 1484 162 31 fervationem
310 1492 29 25 de
358 1493 91 27 Gordio
472 1497 25 25 in
519 1497 61 26 binis
600 1498 135 27 hominibus
756 1500 117 33 Rupellae
888 1504 25 26 &
928 1505 171 31 Montalbani,,

714 1533 53 25 Bı

1024 1539 74 32 vifo,,
