1192 1608
89 97 31 28 5%
237 85 415 30 DISSERTATIO
699 82 234 27 MEDICA

92 152 51 25 Vini
147 150 101 32 fpiritu
258 146 96 33 exdepti
364 146 63 25 bulla
438 152 56 19 cum
504 144 100 32 corpore
617 143 77 25 fubiro
703 141 116 26 convulla
834 141 26 26 &
877 145 126 29 corrugata
1017 140 34 27 eft

92 184 121 34 Iympham
227 181 128 32 expellens.
747 175 4 3 "

127 217 111 30 Denique
255 215 22 23 in
294 213 92 25 fuculae
400 212 71 24 afeire
483 209 118 26 extin@tae
618 208 105 24 Ileocolo
741 206 138 33 hydatidem
898 207 107 25 funiculo
1021 213 31 18 ex

93 251 71 23 wenis
180 247 138 31 arteriisque
337 245 135 32 majusculis
485 244 129 30 appenfam
628 260 7 10 ,
657 240 27 26 &
700 240 56 25 alias
775 240 24 24 in
820 238 140 25 mefenterio
970 240 84 24 fefliles

95 280 166 33 magpitudine
271 284 83 19 nucem
366 276 144 25 mofchatam
525 281 40 18 aut
577 274 135 33 juglandem
723 273 137 32 fuperantes
870 269 98 26 offendi.
991 273 62 23 Con-

95 314 111 26 tinebant
223 311 165 33 corpufculum
408 310 131 30 oblongum
555 309 77 23 album
651 314 75 25 grano
746 306 97 24 triticeo
858 303 111 34 aequale,
986 304 68 31 apice

96 349 26 24 in
132 347 47 24 oris
191 346 68 24 coeci
274 345 95 24 modum
380 341 148 26 contraftum
542 341 25 24 &
578 347 83 26 patens
679 341 24 23 in
718 340 85 24 bullam
814 339 154 32 proportione
981 336 73 25 maxi-

95 388 65 17 mam
171 380 108 24 vitream.
316 378 25 23 In
355 377 126 23 histamen
499 375 108 23 omnibus
621 373 120 24 filarhenta
759 373 40 24 illa
813 371 40 25 feu
863 371 64 24 ftrias
941 370 116 32 Tyfonia-

97 421 41 17 nas
154 412 81 25 videre
249 417 47 18 non
311 410 80 32 potui,
407 407 27 25 &
450 406 96 33 Iympha
559 406 112 25 bullarum
682 406 24 24 in
718 412 60 25 aqua
793 404 113 24 bulliente
922 403 40 24 vel
974 403 82 31 fpiritu

96 446 54 25 vini
165 444 90 32 femper
267 443 127 25 nubeculas
406 440 137 32 coagulatas
560 440 123 28 exhibuit,,
702 438 66 31 quod
781 443 84 18 contra
880 437 176 24 Hartmannum

97 479 26 25 &
137 478 95 25 Redum
246 484 94 17 moneo,.

40 504 62 43 ı]-
131 511 55 24 Haec
189 511 76 24 fünt
277 516 60 25 quae
355 507 31 24 de
402 505 115 33 hydatide
531 505 101 25 animara
653 503 79 25 dicere
753 502 69 31 potui
847 500 140 31 Pathologiae
1005 508 49 17 ver-

70 549 18 35 fj
100 542 96 33 minofae
212 549 88 17 novum
317 539 102 25 fulcrum
435 537 118 26 addentia.
574 537 90 24 Multas
675 535 55 24 fane
746 533 181 25 obfervationes
940 533 117 30 antiquio-

97 585 53 16 rum
163 575 26 25 &
199 574 158 25 recentiorum
372 572 85 24 multas
478 570 46 25 huc
539 570 118 31 pertinere
675 568 88 29 credo;
785 574 72 25 qguum
869 572 58 18 vero
938 565 23 24 in
976 565 82 31 pleris-

97 617 49 25 que
158 615 47 17 non
219 606 90 26 conftet
323 614 29 16 an
371 605 31 25 de
417 604 123 26 lumbrieis
558 602 135 34 hydropieis
711 609 58 18 vere
785 600 108 33 egerint,
914 606 39 17 eas
965 597 94 26 filentio

96 648 98 27 Premere
195 641 94 25 farius
298 639 47 25 efle
356 639 64 25 duxi.
449 637 98 26 'Nefcio
557 644 78 18 tamen
647 642 95 24 annon,
765 642 30 18 ex
811 633 136 26 diverfitate
960 639 99 26 propor-

98 676 74 24 tionis
183 673 133 32 corpuftuli
335 673 73 24 made
424 672 118 32 deferipta
561 669 239 29 Concludere’licear,
813 667 183 33 appendiculam
1009 673 52 17 cre-

98 708 84 30 feente
183 707 74 25 bulla
277 706 94 32 penitus
388 703 126 33 expanfam
531 704 158 28 evanefcere,
711 702 109 32 adeoque
830 700 128 33 aequaliter
969 699 90 25 tenfam

97 740 144 32 hydatidem
252 739 107 24 animalis
373 744 96 18 omnem
480 737 102 31 freciem
593 736 132 30 deponere.
757 735 45 23 Inde
804 734 52 23 fir
871 741 24 16 ur
906 731 95 26 credam
1017 731 43 32 hy-

98 774 91 30 ropes
199 771 136 28 veficarias,
352 769 28 24 &
390 767 266 31 inmores-hydatidibus
669 767 115 26 refertos,
800 771 42 17 aut
854 766 122 29 hydatides
987 763 73 25 vilce-

101 813 53 18 rum
168 810 60 18 cava
242 802 152 24 effarcientes
404 805 98 26 quarum
522 799 88 21 habent
626 797 109 30 exempla
748 800 109 23 autores,
875 802 58 16 vero
947 795 115 23 fimillime

100 839 32 24 ad
143 838 42 24 hos
197 836 127 26 lumbricos
334 832 83 27 referri
428 831 79 35 poffe;
524 829 90 27 tametfi
627 830 23 25 in
667 829 29 25 iis
711 826 291 35 corpufcalorum'nullum
1018 835 43 17 no-

103 872 75 24 tabile
189 869 138 32 fuperfuerit
338 867 133 32 vefligium.
501 865 115 31 Exempla
625 864 108 25 fimilium
747 868 120 20 mumorum
880 861 121 33 praeclara
1008 868 54 17 nar-

103 911 53 17 rant
168 902 82 32 Tylon
274 902 52 24 l.c.
350 900 26 25 &
398 901 21 32 J.
433 900 30 25 G.
476 898 83 25 Bidloo
576 899 85 24 Exerc.
678 897 31 25 de
723 896 159 32 Hydatidibus
898 896 73 31 Oper.
988 895 73 24 Anat.

63 933 15 20 X
101 937 112 30 Chirurg.
227 935 102 24 fecunda
351 941 26 26 p.
394 931 38 27 16.
458 933 73 31 ingue
546 929 145 34 hydropicae
707 929 144 25 melenterio
867 928 101 31 Tulpius
989 928 21 23 L.
1012 928 50 24 II.

102 975 56 26 cap.
173 975 37 24 34.
229 968 26 24 In
268 967 75 25 vefica
356 966 102 25 urinaria
464 965 135 24 obfervatas
612 963 88 26 velicas
711 963 83 24 itidem
804 962 66 24 dedit
882 960 81 31 Tyfon
972 960 89 24 Trans.

100 1009 27 18 a.
144 1004 57 25 188,
210 1000 121 26 In.dextro
344 1000 56 24 lobo
403 996 101 36 hepatis
513 1003 86 19 cavum
608 996 80 25 folutis
699 995 166 32 hydatidibus,
878 991 100 32 quafum
991 1000 71 23 quae-

106 1037 55 23 dam
175 1035 161 23 columbinum
346 1038 73 19 owum
430 1030 145 33 aequarant,
591 1030 125 31 oppletum
723 1026 108 23 Amiciff.
843 1024 25 31 &
883 1023 98 25 Dodiff.
1001 1024 20 33 J.
1035 1024 28 24 F.

108 1066 105 32 Lebftein
222 1067 37 22 M.
275 1067 31 22 D.
337 1064 154 32 Argentorati
507 1063 106 27 invenit,
635 1059 49 24 vid.
697 1056 166 25 Differtationi
874 1056 29 24 de
915 1056 85 27 Nervo
1012 1058 51 32 Spi-

99 1100 57 25 -hali
170 1097 30 25 ad
211 1104 42 25 par
263 1103 88 26 vagum
362 1096 145 28 accefforio,
523 1093 103 24 adnexas
641 1090 175 25 obfervationes
833 1096 22 24 p.
869 1096 104 25 39.

321 1161 74 28 DE
447 1144 404 44 HAERUCULA.

386 1207 43 33 feu
446 1205 105 27 Taeniola
567 1203 75 35 ofeulis
660 1205 102 34 obfeuris.

101 1271 5 9 <
133 1267 42 24 Ob
187 1264 173 26 fimilitudinem
372 1268 71 27 quam
458 1269 54 17 cum
529 1259 92 25 Taeria
635 1260 73 25 haber
721 1265 90 20 tantam
822 1264 30 18 ut.
858 1256 105 32 ejusdern
972 1250 101 39 generis

110 1299 49 25 efle
172 1299 44 24 vix
235 1298 105 24 dubitem
352 1314 8 13 ,
380 1295 65 25 addo
462 1292 164 27 animalcalım
642 1301 14 16 a
668 1294 102 24 termine
786 1290 158 30 deferiptam,
967 1291 63 31 quod
1042 1291 25 24 in

109 1331 124 32 permultis
245 1330 100 31 pifeibus
355 1335 112 25 aquarum
487 1326 103 24 dulcium
601 1342 9 12 ,
632 1327 82 22 itveni
726 1321 221 34 frequentifimum.
980 1324 88 24 Haeru-

109 1363 72 25 culam
202 1369 87 17 vocare
303 1362 89 31 placuit
407 1360 55 32 quia
484 1356 111 27 inteflitto
612 1358 145 24 tenaciffime
775 1355 122 25 inhaerere
918 1356 77 30 foler,
1012 1363 55 17 cum

110 1394 107 27 nondum
236 1395 54 24 fatis
306 1401 76 17 certus
396 1392 40 24 fim
453 1398 28 17 an
500 1389 77 25 ofeula
592 1390 86 24 habeat
702 1390 29 24 ad
749 1387 97 25 modum
864 1387 144 28 Taeniarum
1024 1396 42 25 per

110 1435 87 23 corpus
213 1426 121 31 difpofita,
351 1434 28 17 an
393 1432 59 16 vero
461 1423 115 32 fingulare
587 1426 72 28 genus
674 1422 138 25 conftituat.

141 1462 98 25 Habitat
251 1460 23 24 in
286 1467 84 22 ranae,
387 1457 88 29 efocis,
493 1460 114 25 cernuae,
625 1462 97 25 percae,
738 1454 26 25 &
778 1455 105 32 maxime
892 1456 25 25 in
924 1457 90 24 Trurae
1025 1460 42 17 no-

110 1496 54 26 bilis
175 1492 119 28 inteftino.
458 1497 51 12 ..-
989 1485 77 35 Defer.
