1184 1608
277 88 623 47 -INAUGURALIS
1052 109 32 24 5

41 151 9 4 >
124 144 76 25 manis
212 144 194 33 febaequabiliter
422 148 172 33 gracilefcunt,
617 152 24 24 in
657 152 106 27 vitulinis
773 154 77 27 fübito
861 158 121 28 contra&ta
994 160 35 26 bis
1042 161 40 26 de-

124 183 48 18 nuo
189 178 85 24 facenli
290 178 77 26 forma
386 181 152 32 craffefeunt,
556 184 53 24 dein
626 184 82 26 fimiles
721 186 41 25 fibi
775 196 90 26 pergunt
869 197 69 20 tota
953 193 129 32 longitudi-

124 215 45 21 ne;
188 217 67 24 quam
270 212 26 23 in
312 212 35 25 his
364 214 146 24 Valisnerius
531 224 28 22 15
576 218 38 22 vel
633 220 79 22 16cies
730 226 77 18 totum
825 230 98 18 vermen
942 226 141 31 exfüperare

2 246 12 20 >
97 248 4 4 “
122 244 136 30 reputavir,
281 245 71 31 inque
367 246 107 25 humanis
494 248 118 33 XlIcuplo
632 257 84 25 corpus
734 253 131 30 excedere,
883 264 81 18 contra
978 259 103 26 Redium

122 274 42 31 qui
182 277 145 31 quintuplam
341 284 40 18 aut
396 280 138 31 VIltuplam
550 281 124 31 ftatuiffer,
692 284 82 32 pofuit.
813 286 79 32 Tyfon
913 289 96 26 viderur
1023 300 55 24 pro-

123 308 134 29 portionem
271 311 87 23 vermis
368 311 29 24 ad
409 311 38 24 fila
460 313 114 31 genitalia
583 314 96 27 fimilem
692 325 71 24 ponere
765 318 59 29 ei,
834 327 68 24 quam
915 321 71 28 habet
999 333 81 17 nume-

122 347 40 17 zus
176 348 10 16 ı
201 341 28 24 ad
241 349 121 18 numerum
375 346 21 23 8.
410 344 50 24 Fila
473 345 38 24 illa
523 348 82 24 ovaria
621 356 13 16 a
645 351 70 23 vulva
730 351 127 26 innumeris
869 352 25 25 &
905 355 96 26 incertis
1017 359 72 31 gyrie
1121 363 14 5 —

123 380 28 17 ac
162 375 129 24 maeandris
309 376 29 24 ad
354 377 99 25 caudam
467 377 108 27 feruntur
591 382 140 25 circumfufa
745 385 79 31 paflim
836 386 125 31 inteftino;
979 391 101 25 redeunt

121 405 56 26 dein
189 406 25 26 &
228 408 79 25 fenfim
319 415 97 19 tenuata
430 411 25 24 in
465 412 105 32 glomum
585 415 188 26 inextricabilem
793 420 175 26 convolvuntur
978 439 7 13 ,
1003 429 77 19 eXtre-

121 440 93 31 misque
233 442 135 23 coalefeunt
384 444 24 23 in
424 444 107 25 humanis
541 446 73 30 Redi;
632 448 23 23 in
669 449 86 31 lupinis
768 452 118 29 triplicate
901 460 57 17 eunt
971 456 109 24 redeunt-

119 478 48 25 que
181 473 24 24 in
219 481 69 25 gyros
305 474 136 27 innumeros
455 478 137 32 compofita.
626 480 94 25 Cornua
733 483 92 25 uterina
839 484 76 25 ladteo
929 493 96 26 turgent
1038 489 45 25 hu-

119 513 67 16 more
200 514 68 23 quem
278 508 148 25 mentiuntur
438 511 69 30 ovula
519 511 123 25 innumera
654 515 98 31 exigua,
765 518 120 25 racemofe
892 519 80 31 Jundta
988 521 90 31 pedun-

118 538 108 33 culisque
242 540 102 32 appenfa
358 560 7 11 ,
388 543 97 29 ovalia;
507 544 110 25 co&ione
635 546 162 32 durefcentia,
814 549 117 27 Aluitantia
942 553 22 24 in
979 553 99 26 humore

119 572 127 30 glutinofo.
281 574 116 25 Eaovula
411 576 24 23 in
451 576 132 31 junioribus
597 578 120 25 lumbricis
734 582 138 29 pun&torum
885 584 69 25 iuftar
964 586 114 26 Auftuan-

119 604 61 22 tum
192 604 128 31 apparent,
336 607 71 31 inque
419 609 86 22 ovariis
515 609 45 23 filis
575 610 91 23 ablunt.
684 612 94 23 Cornua
789 614 85 24 vulvae
890 616 23 23 in
926 617 86 31 lapinis
1024 628 53 16 ver-

117 635 77 24 mibus
209 635 148 30 fufcefcunt,
380 638 74 23 Klein.

2 662 25 16 a-
150 668 29 22 In
196 668 108 31 Maftulis
317 668 94 25 du&tum
422 669 130 26 ladtiferum
569 672 38 24 feu
622 673 133 26 feminalem
769 678 102 30 reperias
883 680 115 32 aradice,
1009 686 68 29 penis
1088 688 24 47 /

116 699 62 24 ultra
197 700 99 26 caudam
312 701 30 25 ad
358 703 90 33 aliquot
461 704 71 26 lineas
548 705 133 32 extenfilis,
698 709 131 26 tenuiflime
839 718 91 25 ortum,
949 715 127 28 dilatatum

2 725 27 32 de
116 732 25 24 in
157 734 118 31 progreffu
291 735 128 27 efformare
438 738 115 26 veficulae
571 739 117 27 feminalis
707 744 125 33 analogum
856 745 116 28 facculum
983 768 9 12 ,
1017 751 57 26 dein

115 764 78 25 fubito
205 767 23 24 in
238 768 64 25 filum
314 770 71 25 variis
396 771 157 27 voluminibus
565 773 113 26 inteftino
689 777 199 34 eircumgyratum
903 784 108 30 tenuari,
1030 786 45 24 cri-

116 796 138 35 fpatumgue
264 802 102 32 denique
376 805 82 24 teftem
468 806 62 31 quali
542 807 91 30 facere,
645 807 26 25 &
683 809 73 25 la&teo
766 818 74 17 totum
854 819 94 26 turgere
965 816 108 27 humore,

115 830 60 24 Eum
184 831 144 28 definentem
340 835 98 33 fimplici
445 838 47 24 fine
500 840 22 22 in
530 846 99 24 quatuor
635 841 107 24 humanis
753 843 71 31 inque
832 851 84 18 canum
924 854 149 28 martumgue

116 864 119 24 lumbrieis
253 865 70 31 ipfias
339 867 109 27 lumbrici
459 878 101 24 corpore
570 874 70 30 paulo
650 874 50 31 plus
714 875 57 30 4plo
782 876 147 34 longiorem,
940 880 64 26 fimul
1018 890 54 18 eau-

114 896 54 24 dam
186 896 130 31 depreffam
338 899 26 24 &
385 908 134 18 contortam
535 904 23 23 in
576 909 97 21 mortuis
689 907 59 23 vidit
759 908 63 24 Redi
840 917 22 23 P-
881 919 38 23 35.
942 913 131 33 fimplicem

113 935 94 25 quoque
227 928 40 24 fed
286 935 94 21 tenuem
398 932 26 24 &
440 934 79 25 decies
535 935 50 26 fere
600 938 134 32 longiorem
746 939 46 24 effe
805 940 117 29 lumbrico
935 945 24 25 in
972 948 100 32 tygridis

114 960 118 26 inteilinis
243 969 95 25 reperto
350 965 136 27 obfervavit
498 968 34 24 Id,
550 969 32 24 ib.
600 970 39 25 fed
652 971 93 24 Kleinius
748 973 42 24 in
807 975 107 26 mafculis
929 986 29 17 ex
970 988 56 17 rene
1038 982 33 23 lu-

113 1000 61 26 pa®,
194 995 93 26 invenit
301 1003 40 19 vas
356 998 164 32 fpermaticum
534 1009 75 24 prope
620 1004 100 23 cardiam
738 1005 98 25 bifidum
847 1025 7 11 »
872 1011 113 31 varieque
998 1013 73 25 intor-

113 1033 50 19 tum
175 1027 73 38 altero
258 1037 66 18 ramo
337 1032 24 24 in
373 1040 70 18 anum
462 1034 33 34 (f.
508 1035 104 33 penem)
630 1036 69 24 inferi
716 1037 74 25 altero
801 1039 34 24 ad-
846 1041 100 27 caudam
957 1052 74 19 coeco
1043 1047 27 25 fi-

114 1067 31 18 ne
157 1066 127 20 terminari.

144 1092 94 25 Marem
249 1095 92 32 femper
351 1098 114 26 minorem
478 1100 90 26 femina
578 1102 106 26 Kleinius
695 1103 22 24 in
728 1103 87 33 lapinis
826 1106 26 27 &
863 1108 23 25 in
900 1109 108 28 humanis
1019 1113 50 32 Ty-
1091 1127 11 22 /

111 1126 41 23 fon
170 1132 23 23 p.
208 1133 52 22 154.
278 1129 144 25 obfervavit.
460 1134 77 24 Ovula
553 1135 63 24 idem
629 1136 43 24 ifte
685 1137 102 32 oblonga
803 1139 25 25 &
846 1142 65 25 lente
929 1144 93 31 hispida
1033 1145 37 24 vi-

112 1158 48 28 dit,
179 1165 128 26 eorumque
322 1161 29 23 ad
372 1170 79 18 10000
468 1166 22 23 in
502 1168 112 24 cornibus
624 1169 116 25 contineri
753 1171 118 33 fubputat.
901 1176 97 25 Sinune
1012 1185 57 17 con.
1092 1179 16 21 #7

13 1206 30 26 &
111 1191 63 25 feras
190 1199 52 16 cum
263 1192 35 24 his
315 1199 127 22 anatomen
461 1198 108 26 lumbrici
586 1201 110 33 terrefiris
710 1211 13 16 a
741 1203 101 27 Willifio
860 1207 122 32 eleganter
998 1210 70 25 tradi-

113 1229 48 20 tam
170 1225 140 34 ‚(deanim.
318 1226 80 26 brutor
406 1229 57 32 Cap.
470 1232 41 23 III.
522 1240 65 24 oper.
597 1235 92 24 Genev.
698 1245 23 23 p.
730 1244 37 18 20.
777 1238 10 30 )
795 1239 137 25 immenfum
944 1244 126 29 apparebit

23 1274 6 5 .
110 1258 128 26 discrimen
256 1262 24 23 in
297 1259 111 27 ftrudtura
427 1263 114 26 vifcerum
554 1284 7 10 ‚
579 1275 60 24 quae
655 1276 46 17 non
718 1271 111 24 varietati
848 1278 70 26 atque
939 1277 130 26 murationi

110 1291 113 27 fortuitae
239 1295 71 25 tribui
326 1294 90 32 poteft,
436 1296 38 25 fed
495 1297 78 32 fpecie
596 1300 25 25 &
637 1308 81 18 natura
735 1303 91 24 diverfa
847 1306 109 27 animalia
974 1309 45 26 effe
1036 1319 33 16 ar-

20 1341 4 5 .
110 1325 53 32 guit
180 1341 7 13 ,
210 1333 97 19 externa
327 1335 93 26 quoque
445 1329 75 27 forma
538 1332 60 26 haud
616 1342 81 24 parum
708 1335 169 32 'discrepantia
912 1341 90 26 Differt
1023 1351 45 18 ter-

5 1348 41 31 ‚MR
109 1357 76 24 reftris
205 1360 29 22 ab
252 1361 141 24 inteflinali:
411 1364 101 30 primum
532 1367 163 23 uncinulorum
706 1369 138 30 quadruplici
846 1371 92 32 ferie,
956 1383 69 24 quam
1042 1377 26 24 in

109 1389 47 25 hoc
166 1390 73 25 nullus
253 1399 109 18 autorum
374 1402 93 22 praeter
483 1397 131 26 Linnaeum
632 1399 78 31 vidit,
730 1399 25 26 &
766 1409 46 25 €go
830 1404 63 25 nullo
907 1408 159 32 microscopio

109 1423 24 24 in
151 1422 119 32 humanis,
285 1426 71 24 fuillis
368 1426 25 25 &
407 1429 91 25 caninis
511 1430 113 33 detegere
639 1434 74 30 potui.
749 1435 147 27 Annulorum
908 1440 87 25 deinde
1008 1439 58 34 quo-

108 1463 45 25 que
164 1456 134 31 latitudine,
317 1458 38 24 fed
370 1461 76 25 minus
463 1464 133 25 conftanter
613 1466 82 24 colore
709 1468 135 32 discrepant
855 1478 7 21 ;
878 1477 105 27 terrenos
1001 1474 65 26 enim

5 1474 45 24 hu-
107 1496 86 18 grenae
210 1490 111 27 immillos
337 1490 25 26 &
376 1492 60 27 latte
447 1495 110 34 irrigatos
569 1499 118 25 albefeere
698 1500 96 26 teftatur
804 1503 167 28 Boerhaavins.
1004 1507 60 26 Non

106 1525 8 5 ®
1007 1542 59 26 mul-

106 1529 38 16 Er

3 307 14 75 Bo

13 465 11 21 w
