1200 1608
69 94 32 25 14
190 76 420 34 DISSERTATIO
661 73 236 28 MEDICA

102 143 77 34 Defer.
193 142 122 26 Differutt
327 138 110 27 Jumbrici
446 137 75 33 figura
528 143 11 23 ;
546 135 110 25 &colore
667 134 24 24 in
703 133 71 23 variis
786 132 154 29 animalibus.
943 131 85 25 Omni-

69 181 43 23 bus
124 185 85 24 corpus
222 174 116 34 rigidum,
349 171 221 31 fubcartilagineum
579 187 6 9 ,
596 175 76 21 teres,
684 166 108 31 utrinque
804 164 39 24 fed
853 165 75 31 magis
940 171 90 19 antror-

70 213 49 24 fum
137 214 164 22 attenuatum,
319 213 42 17 ore
376 204 119 24 trilabiaro
508 203 22 24 in
542 202 80 32 apice,
639 199 83 31 (velut
732 199 24 23 in
768 197 108 25 hirudine
888 203 47 18 tres
946 198 87 23 dentes

71 241 175 35 cartilaginei).
265 239 141 25 Lumbricos
417 237 137 33 naturaliter
566 234 48 33 pilo
628 232 78 34 rigido
717 232 67 33 fupra
795 238 26 16 os
833 230 122 31 praeditos
967 229 66 31 effe,

73 279 39 32 qui
123 277 124 32 plerumque
249 270 178 28 detrituseffe
434 269 109 29 videtur,
560 273 97 26 apparet
674 273 30 17 ex
716 264 85 26 Clerici
814 262 167 25 obfervatione
993 264 41 29 qui

75 308 207 27 viditJumbricum
290 307 23 23 in
323 305 113 24 alterutro
444 302 68 31 apice
519 301 169 33 piloarmatum
695 307 22 21 p.
727 306 54 23 217.
789 296 25 26 &
823 294 162 27 exSchacheri
992 294 40 24 de-

77 343 128 32 feriptione
216 340 46 25 oris
275 338 107 25 lumbrici
393 335 97 29 renalis,
508 342 78 24 progr-
601 333 29 24 ad
647 331 58 25 Diff.
726 330 85 25 Rivini
826 330 30 24 de
869 329 61 33 pica.
966 328 71 24 Anus:

76 376 41 25 füb
132 375 74 24 cauda
218 372 101 26 crafiori
334 369 141 29 acutiffima,
493 366 41 34 (in
545 366 124 27 humanis;
684 365 181 23 membranacea
878 361 25 25 &
914 360 121 26 latiufcula

76 410 24 24 in
115 408 117 24 renalibus
248 404 26 26 &
293 401 132 34 vitulinis.)
443 401 76 25 Striae
537 397 226 34 corpus-ambientes
777 395 159 28 tenuiflimae,
954 401 81 17 nume-

76 441 125 26 roßffimae
213 447 7 21 ;
245 437 74 26 Linea
340 437 110 30 utringue
467 433 102 26 lateralis
587 430 106 26 difcolor.
729 429 144 30 Afperitates
891 426 143 25 terreftrium

77 476 26 25 in
119 472 108 26 humanis
243 471 82 25 videre
345 477 47 17 non
409 469 78 30 potuit
503 465 87 31 Fyfon.
609 462 62 25 Phil.
689 461 84 24 Tranf.
801 469 22 16 n.
839 467 59 23 147,
916 466 44 17 nec
976 467 66 24 ego;

78 515 81 23 neque
174 503 119 32 defcripfit
311 503 68 24 ullus.
406 502 35 23 At
452 500 119 23 Linnaeus
590 496 55 25 inde
664 493 139 25 afinitatem
826 499 152 24 utrorumque
996 492 42 25 de-

78 538 130 27 monftrare
218 536 83 25 voluit.

113 571 66 29 Sujlli
194 568 109 25 lumbriei
320 563 108 26 humanis
445 560 179 27 fimillimi_funt
635 578 6 11 ,
659 557 86 34 pallide
756 558 84 32 grifei,
858 555 184 31 lineis;laterali-

79 606 44 24 bus
139 602 143 27 fubochreis.
318 598 47 59 Su
385 598 23 24 in
426 596 80 25 vitulis
523 593 140 26 la&tantibus
681 592 149 32 reperiuntur
841 608 8 12 ,
873 589 37 25 his
921 589 120 32 longiores

81 638 26 26 &
119 638 118 24 tenuiores
248 635 67 28 funt;
357 632 196 25 Renalesomnium
570 627 96 26 maximi
685 627 152 32 plerumgue,
855 623 85 26 coloris
951 622 95 33 faepius:

82 670 122 33 fanguinei
219 667 119 25 interdum
360 661 150 27 Havelcentis
521 680 9 11 ,
551 661 105 32 ftrisque
670 660 149 28 annularibus
830 659 38 24 vel
881 656 164 33 longitudina-

83 704 60 25 libus
155 702 50 32 plus
218 701 77 24 minus
314 697 89 26 _exarati
416 696 59 24 funt.

93 733 6 5 *
117 738 115 22 Anatome.
240 731 69 25 Conf.
321 731 21 23 F.
351 729 56 24 Redi
414 729 62 31 degli
485 727 70 23 anim.
562 726 91 24 viventi
664 724 141 31 neglianim.
812 722 152 28 viventi4to.
974 721 74 30 1684.

84 778 23 24 p.
121 776 38 25 33.
179 768 46 30 feg.
245 764 120 24 Pallisneri
378 762 77 23 nu@va
470 759 108 31 fcoperta
589 758 52 24 dell’
649 755 80 33 Ovaja
745 763 13 16 e
770 754 61 25 delle
845 762 61 16 uove
917 753 41 24 de”
967 753 79 25 vermi

84 802 76 26 tondi.
179 800 29 24 £.
223 796 69 35 Tyfon
306 794 84 26 Philof.
410 800 69 17 trans.
499 799 23 17 n.
538 797 52 24 147.
613 789 28 31 F.
662 789 39 22 Th.
710 787 64 24 Klein
786 787 57 25 ibid.
863 793 23 17 n.
903 793 56 24 413.
977 785 25 25 &
1017 786 36 26 in-

85 832 184 36 Herpetologia.
999 823 4 3 .

62 878 14 23 y
120 868 80 24 Se&io
219 867 22 23 in
261 865 29 24 iis
312 863 79 32 primo
402 879 7 12 ,
427 860 41 25 fub
482 865 55 18 cute
554 855 144 26 transverfas
710 853 24 26 &
750 853 178 33 longitudinem
940 854 109 31 legentes

87 901 77 25 fibras.
174 898 94 32 deregit
280 915 8 11 ,
310 895 161 32 veficulasque
489 890 125 29 fecundum
632 888 120 26 Kleinium
770 889 63 24 inter
843 888 157 25 mufeulorum
1013 886 35 24 in-

64 956 7 20 y
88 934 127 26 fertiones,
233 935 79 26 ruptas
323 928 119 33 Iympham
453 926 129 34 plorantes.
615 923 77 25 Incifo
708 929 100 25 corpore
824 921 74 25 efluit
915 922 75 24 ferum
1002 925 48 18 tur-

88 966 102 27 bidum,
209 962 131 33 fiavefcens
358 962 73 24 eriam
447 961 24 24 in
487 958 114 24 renalibus
620 956 143 25 ruberrimis.
798 955 72 24 Tune
891 959 99 26 apparet
1009 951 46 24 ali-

89 998 130 27 mentarius
236 996 87 25 canalis
343 995 28 24 ab
390 1002 42 16 ore
447 992 115 31 incipiens
579 989 135 32 oefophago
730 987 81 26 fenfim
811 987 112 30 dilatato
934 986 24 22 in
969 984 83 23 huma-

93 1034 36 23 nis
139 1031 125 24 Red.varie
275 1034 99 20 curvato
386 1027 24 24 in
423 1025 117 26 renalibus
549 1023 70 24 Klein.
633 1017 208 32 conftrietoquead
854 1017 96 24 initium
962 1014 91 26 intefli-

64 1076 12 21 y
94 1064 33 28 ni,
136 1062 100 25 cellulofi
248 1059 23 25 in
285 1061 117 23 renalibus
409 1067 7 19 ;
423 1059 81 22 verfus
512 1056 104 23 medium
623 1051 114 25 coarätati
750 1051 22 22 in
785 1049 270 24 humanisadumbrante

92 1095 95 28 Redio,
196 1093 37 24 vel
247 1091 126 32 aequabilis
381 1090 129 25 fecundum
516 1087 120 31 Tyfonem
644 1092 7 20 ;
658 1082 128 32 aequaliter
792 1081 92 25 dilatati
890 1081 114 34 fibrisgue
1010 1081 42 25 de-

95 1128 95 27 cuflatis
203 1124 139 25 circumdati
359 1123 22 23 in
399 1121 119 27 vitulinis;
540 1116 145 26 continentis
698 1115 113 33 chymum
825 1114 89 27 fufcum
924 1134 9 12 ,
954 1116 42 24 vel
1004 1116 53 24 fub-

94 1161 101 26 viridem
211 1158 37 24 vel
265 1155 216 32 fanguinolentum,
501 1150 120 29 limofum;
639 1157 45 17 ano
695 1148 127 26 terminati.
856 1149 108 26 Inteftini
975 1154 79 19 extre-

72 1203 63 33 ymo
146 1199 98 30 coecum
258 1189 110 35 urrinque
381 1186 90 31 infigne
482 1184 106 36 additum
603 1184 88 31 reperit
711 1182 23 25 in
752 1183 98 32 tygridis
873 1183 116 33 Jumbrico
1006 1181 54 26 Re-,

95 1228 34 25 di.
163 1226 93 24 Ablatis
272 1220 129 27 vıfceribus
416 1224 97 26 apparet
536 1224 23 16 in
579 1223 54 18 cute
649 1224 41 17 cor
718 1217 86 25 canalis
821 1213 192 34 longitudinalis,
1032 1209 29 26 &

102 1261 29 25 ad
144 1261 76 23 lucem
236 1256 92 33 vafeula
338 1251 91 28 ramofa
443 1250 66 26 varie
521 1249 87 33 fparfa,
624 1250 87 25 Palisn.

130 1294 27 22 In
171 1291 96 25 Feminis
279 1297 48 17 tum
339 1294 94 27 quoque
449 1289 98 28 apparet
561 1284 114 27 oviduätus.
711 1283 46 34 Qui
774 1289 16 17 a
802 1280 89 25 vulvae
904 1284 111 26 apertura
1028 1277 31 25 ri-

98 1333 40 18 ma
148 1325 87 30 aliquot
246 1324 113 23 linearum
361 1330 16 21 ,
409 1319 84 25 diftante
504 1318 30 24 ab
544 1324 40 16 ore
599 1318 69 23 tertia
682 1316 51 25 fere
744 1312 154 34 longitudinis
910 1312 73 25 totius
994 1317 70 27 parte:

99 1365 27 18 ut
135 1358 78 28 Redi,
229 1362 40 17 aut
282 1355 69 31 paulo
366 1355 77 23 minus
455 1351 101 33 dimidio
567 1356 24 17 ut
598 1350 81 31 T’yfon
688 1349 92 27 ‚voluit,
796 1346 121 32 multoque
926 1346 96 31 propius
1037 1344 27 24 in

100 1390 108 26 vitulinis
219 1388 24 24 &
254 1388 117 24 renalibus
388 1387 106 30 luporum
503 1393 7 21 ;
528 1383 73 25 oritur
614 1382 131 25 tenuiffimo
761 1378 131 27 canaliculo
910 1378 82 26 fenfim
1006 1378 58 25 dila-

101 1432 68 23 taro,
188 1421 132 32 limpidum:
331 1420 74 24 ferum
422 1418 139 24 continente
572 1423 72 25 usque
659 1416 30 25 ad
703 1413 193 26 bifurcationem.

135 1456 151 33 Expanditur
306 1453 64 26 enim
386 1452 24 24 in
430 1451 59 24 duos
500 1457 78 18 ramos
593 1449 76 25 multo
685 1447 127 31 ampliores
827 1447 68 24 velut
907 1447 94 25 uterina
1013 1451 54 19 cor-

101 1500 63 24 uya;
178 1490 27 27 bi
214 1490 31 26 in’
256 1487 39 33 flä
310 1487 134 36 glomgrata
459 1489 152 22 attenuantur
631 1483 137 26 ovariorum
782 1480 114 35 analoga,
913 1488 61 25 quae
986 1480 24 26 in
1024 1478 44 23 hu=

1016 1517 50 21 ma

1143 183 46 18 nuo

1142 215 45 22 ne;

1116 249 3 4 ‘
1140 248 57 24 repu

1141 275 40 31 qui

1140 348 39 17 rus

1141 381 28 17 ac

1140 406 54 26 dein

1137 480 47 25 que

1137 539 46 24 culi

1137 573 59 30 gluri

1137 610 60 18 uaum

1136 637 34 23 mi

1168 669 28 23 In

1134 701 61 24 ultra

1134 734 25 24 in
1175 741 14 24 p

1134 767 60 24 fubit

1134 798 58 31 fpatı

1133 832 59 24 Eum

1134 866 64 24 lumb

1133 898 53 25 dam

1133 971 24 18 ia

1131 1003 60 27 pae,

1131 1036 50 19 tum

1132 1070 31 17 ne
1175 1068 22 17 te

1129 1128 42 24 Ton

1130 1161 48 28 dit,

1129 1193 62 26 feras

1131 1235 64 23 tam,

1128 1261 63 24 diser

1128 1294 37 25 for

1128 1327 52 33 guit

1127 1360 63 25 reftri

1127 1393 69 25 hoen

1127 1427 24 24 in
1169 1426 29 24 hu

1126 1460 61 32 que]

1125 1500 55 18 aren

1123 1529 42 19 er
