1192 1608
101 111 31 25 54
235 92 418 33 DISSERTATIO
703 88 235 28 MEDICA

108 162 90 29 eiolae,
208 157 143 31 Gordiique,
365 162 60 24 quae
437 154 40 24 vel
490 152 99 24 fortuito
605 151 53 24 cafu
673 157 54 17 cum
739 149 67 28 cibo,
816 148 57 31 potu
883 148 101 24 aliterve
994 144 73 27 adve-

110 197 81 25 niunt,
199 198 39 19 aut
252 198 30 17 ex
292 188 66 29 ovis,
369 195 14 16 a
393 187 114 24 matribus
520 192 30 17 ex
561 185 90 30 impetu
661 182 102 33 quodam
780 188 97 17 naturae
893 180 108 25 altuofae
1018 175 49 28 ani-

111 227 120 27 mantibus
240 221 126 33 majoribus
376 219 74 25 aflixis
458 236 9 13 ,
477 219 106 24 oriuntar
592 234 6 12 ,
607 223 71 17 nemo
689 214 101 30 ambigit
799 221 7 21 ;
814 219 84 24 utpote
908 220 100 24 quorum
1019 211 49 24 ani-

109 259 154 28 malculorum
280 260 109 27 parentes
402 258 66 19 extra
479 258 83 24 corpus
576 248 117 26 cernimus
704 246 156 31 novimusque
870 245 65 23 cafus
950 251 39 17 aut
1003 245 64 31 leges

109 299 97 20 narurae
213 290 82 31 quibus
309 286 145 26 adferuntur.
464 284 42 24 Aft
515 289 90 25 quanto
617 282 223 31 magisnostorquet
848 276 127 26 immenfae
991 277 77 31 longi-

109 325 90 26 {udinis
208 322 93 25 Taenia
308 338 8 12 ,
326 326 90 18 coaeva
423 317 92 25 homini
523 315 25 24 &
556 315 68 31 faepe
630 313 158 25 commoriens
796 317 54 25 ;ant
861 309 210 25 Lumbricus’inte-
1088 334 5 5 |

110 359 61 25 ftino
183 362 77 19 terrae
274 354 82 24 habitu
367 351 92 28 fimilis,
479 348 38 25 fed
534 354 79 17 tamen
625 355 26 16 re
661 345 177 29 diverfiffimus,
856 352 46 16 non
915 343 86 31 primas
1016 348 52 17 tan-

112 389 123 28 tımmodo
248 387 50 27 viag
313 385 37 25 fed
367 384 86 24 claufas
464 381 109 32 jundique
584 398 6 11 ,
607 387 81 16 renum
705 377 166 34 (venarumgue)
888 377 99 23 latebras
1004 375 66 24 Inco-

111 426 67 27 lens,
195 419 128 33 flupendae
339 414 170 27 foecunditatis
525 412 101 28 animal;
644 417 40 17 aut
695 410 92 32 hydatis
798 411 68 27 viva,
884 408 120 25 cellulofas
1017 406 53 25 folis

112 454 151 36 iymphaticis
277 450 114 26 arteriolis
402 446 119 27 adeundas
531 443 122 37 obfidens;
670 443 109 23 animalia
790 449 66 17 extra
872 442 133 23 animalium
1018 447 52 17 cor-

130 498 41 16 ora
183 485 83 27 nullibi
280 486 23 23 in
315 490 77 17 rerum
404 487 82 17 natura
497 478 71 23 obvia
578 476 13 23 ?
607 476 94 24 Horum
712 480 76 17 ortum
800 475 29 22 ab
841 475 66 21 omni
920 480 150 16 aevoeruere

110 524 139 24 jaborarınt
266 515 94 27 Medici
375 521 45 17 nec
437 517 80 19 tamen
536 509 119 32 hucusque
670 506 42 25 nifi
728 507 70 23 meris
819 504 142 32 conje&turis
979 504 91 33 adtige-

114 562 62 19 zunt.
515 559 5 4 .

146 586 155 32 Aequivocae
312 578 160 36 generationis
482 575 95 34 patroni
587 581 95 19 vermes
695 572 145 26 inteftinales
852 578 29 18 ex
893 570 72 25 variis
975 578 96 24 corrup-

113 622 32 25 tis
176 621 109 23 primarum
297 616 92 24 viarum
402 612 204 27 humoribus,cet,
623 607 108 34 generari
747 612 119 27 putarunt.
884 605 139 31 Plerumque
1042 611 31 18 ex

115 629 83 58 chylo,
215 659 29 18 ex
256 650 127 27 alimento,
401 654 30 17 ex
443 645 63 25 lenta
519 644 102 32 pituita,
639 650 14 16 e
665 643 68 24 fucco
750 639 152 35 pancreatico
917 636 155 27 acido-aufte-

116 696 27 16 ro
163 693 53 18 cum
234 683 85 33 pituira
331 679 84 34 jun&to
426 686 41 17 eos
485 677 156 25 deduxerunt,
677 676 51 23 Has
749 674 111 24 materias
881 680 42 24 pro
941 670 133 26 Lumbricis

115 720 26 26 &
152 717 92 27 Taenia
256 715 107 25 diverfae
375 712 46 25 effe
432 711 85 25 indolis
530 709 114 32 varieque
657 706 132 26 modificari
800 706 133 24 docuerunt
942 703 130 34 (Vallerio-

114 754 24 23 }a
150 752 48 24 obf.
211 750 51 23 Lib.
280 747 32 32 1.)
327 751 71 26 prout
402 743 128 37 ingeniofe
542 743 54 23 fatis
608 741 25 24 &
645 740 62 31 quafi
718 740 138 24 mechanice
869 738 123 32 propofuit
1009 737 64 30 Dap-

115 792 43 26 per
170 784 24 23 in
207 780 58 25 Diff.
282 780 31 23 de
323 777 129 24 Vermibus
463 774 76 36 Lugd.
552 774 49 34 Bat.
607 775 83 33 167r.
710 779 85 22 nempe
809 771 22 22 in
847 771 95 22 fummis
957 768 117 25 inteftinis

110 813 115 37 "generari
237 816 102 21 teretes,
356 808 72 30 longos
438 807 25 22 ob
472 809 96 27 pituitae
580 804 31 21 ibi
624 803 106 22 morantis
742 803 103 21 lentorem
856 800 139 31 formamque
1009 807 67 16 cana-

115 852 45 27 ÜÜr,
178 852 79 21 teretes
268 845 24 24 ob
311 841 93 35 ejusdem
420 836 124 35 angujliam
554 855 7 12 ,
580 834 84 35 (adde:
678 833 112 34 annulofos
807 833 25 25 ob
849 833 162 24 conniventium
1027 832 48 24 val-

116 881 99 27 vulärum
225 875 129 35 ‚vejligia.)
378 873 114 36 Generari
512 877 80 18 autem
610 870 24 25 in
653 869 93 25 fummis
767 867 135 26 numerofos
920 868 30 22 ob
969 865 107 26 alimenti

117 916 102 32 copiam.
258 913 26 22 In
299 908 85 26 mediis
395 907 52 24 heri
458 905 157 28 cucurbitinos,
632 902 98 33 quafigue
741 902 80 24 module
832 903 22 22 in
864 901 40 24 coli
915 900 81 24 cellulis
1008 898 69 33 effor-

118 950 58 24 mari
188 964 8 12 ,
218 944 86 26 deinde
318 944 24 22 in
358 942 116 23 Taeniam
485 936 153 33 cohaerefcere.
659 938 26 22 In
697 936 48 23 imo
760 934 79 30 re&to,
850 935 31 23 ob
899 935 85 23 brevem
996 939 82 17 moram

116 987 83 28 parvos
212 997 7 11 ,
235 975 107 36 generari
359 973 121 26 afcarides.
517 970 90 24 Aliiex
628 969 35 24 his
684 969 105 23 mareriis
810 968 30 23 ab
861 967 99 23 Archaeo
974 965 103 32 quodam

119 1014 70 26 creari
205 1018 93 19 vermes
312 1008 118 24 docebant
442 1011 26 18 ut
482 1003 102 25 Hieron.
599 1000 149 26 Mercurialis
764 1001 39 22 lib.
821 999 32 23 de
873 999 99 22 internis
993 1004 84 23 puero-

118 1055 53 17 zum
184 1045 96 24 morbis.
300 1042 37 24 Ab
350 1038 170 34 imaginatione
536 1036 55 24 oriri
603 1033 116 25 Taeniam
738 1037 26 17 ut
776 1029 102 24 monftra
887 1029 129 24 Panthotus
1028 1036 50 18 cre=

121 1080 61 26 didit
193 1078 80 31 Journ.
289 1075 42 24 des
341 1074 69 31 Sgav.
423 1079 36 16 an.
474 1072 70 24 1680.
563 1066 153 25 Abrafionem
723 1062 25 25 &
754 1062 66 24 velut
831 1061 79 24 album
924 1061 104 26 inteftini
1042 1070 36 17 ra-

120 1117 108 22 mentum
235 1114 39 18 aut
284 1108 107 23 internae
398 1103 122 33 pelliculae
526 1099 156 25 mutationem
690 1094 105 26 eameffe
801 1100 124 26 putarunt,
941 1096 136 31 Hippocra-

110 1140 215 31 "resIV.demorb.
331 1139 83 23 Adtius
422 1155 6 11 ‚
435 1136 98 24 Terrab.
546 1132 40 23 III.
595 1130 64 24 ferm.
668 1137 18 16 1.
695 1137 52 25 cap,
756 1136 36 22 14.
801 1127 25 25 &
833 1128 82 25 Paulus
924 1129 26 24 L.
957 1129 44 24 IV.
1010 1136 19 16 c.
1037 1135 40 24 37.

120 1186 46 19 nee
178 1184 47 18 non
237 1171 137 27 Gabucinus
387 1178 50 22 cap.
450 1175 21 22 3.
482 1167 86 30 aliique
578 1164 64 28 vifo,
655 1162 80 26 faltem
748 1162 151 30 Gabucinus,
911 1162 75 32 fpolio
993 1161 17 24 f.
1023 1162 55 24 Cin-

122 1212 56 33 gulo
191 1207 103 34 fuperius
308 1212 13 17 a
333 1211 39 16 me
384 1202 125 30 defcripto.
527 1198 58 24 Eam
600 1197 141 24 fententiam
754 1203 75 24 nuper
840 1196 57 24 mire
914 1194 114 25 infaniens
1041 1201 38 16 re-

121 1251 90 18 novare
229 1239 75 26 voluit
321 1242 130 26 anonymus
463 1239 70 26 quem
548 1228 60 25 Aa
622 1229 145 25 Holmienfia
778 1230 24 24 in
816 1229 77 24 lucem
907 1227 171 31 prodaxerunt.

121 1277 50 25 Fel.
179 1276 103 24 Platerus
294 1272 66 24 Prag.
376 1268 71 25 Tom.
460 1266 43 24 Ill.
516 1263 92 33 putavit
625 1263 94 32 chylum
732 1262 97 25 craflum
841 1260 26 24 &
882 1260 111 29 pinguem
1009 1257 15 25 fi
1037 1267 41 17 un-

114 1310 80 30 "dique
206 1307 102 24 obducat
324 1302 113 26 inteflina
454 1304 88 20 teretes
552 1314 6 10 ,
578 1294 15 24 fi
608 1303 79 17 autem
706 1294 99 34 angufto
821 1291 100 33 quodam
939 1291 74 26 tratu
1037 1292 40 24 ad-

123 1341 105 27 crefcat,
242 1337 63 33 quod
316 1336 64 25 forte
392 1335 23 23 in
426 1333 97 32 regione
537 1328 136 36 mefenterii
688 1329 51 24 fieri
752 1330 123 23 autumat,
898 1324 115 26 Taeniam
1031 1324 49 26 efh-

123 1380 64 19 cere.
223 1371 51 23 Has
284 1377 70 17 omnes
357 1366 147 26 fententias
518 1380 8 12 ,
549 1367 120 25 anlıquata
680 1361 70 25 femel
762 1358 129 32 aequivoca
907 1358 173 33 generatione,

124 1404 144 34 argumentis
279 1401 103 25 refutare
395 1398 74 25 inanis
481 1397 63 23 foret
560 1393 65 24 labor
640 1411 7 12 ,
670 1393 107 33 quamvis
794 1390 68 25 multi
879 1391 71 25 hodie
967 1390 115 33 fuperfint

123 1436 146 30 recentiores
281 1434 83 24 mediei
376 1431 40 33 qui
428 1438 52 17 eam
493 1429 24 23 in
529 1428 83 23 horum
624 1427 80 24 faltem
717 1424 115 26 vermium
848 1424 94 33 origine
953 1424 128 25 admitten-

125 1474 55 25 dam
191 1467 111 31 cenfent,
319 1464 120 35 perterriti
450 1468 25 20 ut
485 1468 59 25 puto
555 1459 177 34 verae.originis
741 1457 169 28 incertitudine
921 1457 110 27 &«ardua
1041 1457 41 23 ab-

453 1518 8 8 -
864 1517 3 5 ,
1017 1489 66 26 ditae
