1192 1608
46 819 6 48 use

334 103 356 30 INAUGUR

141 161 130 32 deftillantg
285 161 24 24 in
324 162 104 32 Coryza,
447 164 23 24 in
485 164 122 33 lacrymis;
624 167 23 23 in
660 166 111 33 fanguine
785 169 200 26 haemorrhoidali
1001 172 30 26 de
1042 172 59 28 Gols

138 194 59 25 Dir
211 195 143 32 concerning
364 196 97 25 Worms
467 197 68 24 Lond.
540 205 82 24 1727.
635 207 23 23 p.
668 207 36 22 5a.
722 201 25 23 in
759 209 118 24 gangraena
881 203 58 25 Id.
951 204 56 24 ibid.
1026 214 22 22 p.
1056 215 41 21 52.

172 225 79 34 Quum
265 227 80 33 itaque
363 236 42 24 per
417 230 133 24 aniverfum
565 231 179 26 microcosmum
760 234 71 31 inque
851 237 110 24 omnibus
978 236 50 27 fere
1044 247 60 16 cor.«:

138 259 64 29 poris
220 260 106 25 animalis
342 263 105 30 partibus
465 264 133 23 verminofa
612 266 118 30 progeniis
748 266 132 30 niduletur,
899 270 84 24 mirum
1000 278 45 18 non
1063 271 34 25 eft

137 292 104 30 multas,
267 294 84 30 quibus
371 294 91 23 laborat
478 294 127 26 humanum
623 305 73 24 genus
710 298 161 31 aegritudines
888 300 29 28 ©
926 303 108 33 plerosque
1047 306 57 25 ani=

137 325 89 23 malium
238 328 82 22 morbos
339 327 29 22 ab
387 326 37 26 his
441 326 69 25 unice
525 329 115 30 produci.,
658 330 75 33 iisque
745 330 133 34 profligatis
896 334 122 27 innumera
1035 339 61 24 mala

137 357 52 24 tolli
200 356 70 33 poffe.
304 358 51 23 Pari
374 358 71 25 modo
457 360 71 24 etiam
543 361 84 31 plantis
645 363 125 31 plurimum
782 364 182 33 derrimentum,
982 368 114 27 deformi-

137 395 61 18 tates
215 389 25 25 &
258 390 160 33 aegritudines
436 400 92 18 vermes
543 401 69 25 arque
629 396 87 25 infecta
729 397 118 31 inferunt,
864 398 171 33 depafeuntur,,
1054 403 44 24 de.

136 421 118 32 formant,
272 423 106 30 radices,
401 432 107 22 truncos,
527 426 57 28 folia
595 445 7 12 ,
627 428 254 36 fralificationemque
897 440 9 22 ;
927 433 115 32 maxillis,
1058 442 38 18 ro-

135 453 66 31 ftris,
218 456 100 30 aculeis,
335 457 132 26 excitantes
485 459 192 32 defoliationem,
696 463 85 31 gallas,
798 463 86 26 ffrumas
886 473 31 21 ,
935 467 94 31 ganglia
1046 475 53 18 cer..

137 486 47 26 His
198 489 93 25 addudti
303 491 131 24 rationibus
452 492 95 32 fpe&tati
561 494 24 23 in
600 500 50 18 arte
670 495 45 24 viri
731 495 49 32 jam
798 496 89 26 dudum
902 498 111 32 fufpicati.
1028 500 67 32 funr,

135 519 24 24 in
171 522 117 31 plerisque
299 524 87 23 morbis
398 525 127 23 verminofi
537 526 135 31 aliquid.pro
683 528 77 24 cauffa
771 530 109 30 primaria
890 531 88 25 fübeffe
988 532 25 24 &
1023 540 76 19 omne.

135 559 86 25 Corpus
239 555 89 24 featere
343 556 144 25 animalculis
500 566 7 20 ;
531 557 108 33 fuamque
661 559 116 26 theoriam
800 562 151 33 Patbologiam
972 567 126 26 animatam,

134 584 128 32 dixerunt;
278 588 39 28 cui
330 595 92 24 praeter
437 590 57 23 illud
508 588 95 26 dubium
619 594 127 22 morbosne
762 595 108 23 excitent
882 604 28 15 ea
926 597 121 31 viventia,
1064 607 30 17 an

134 618 90 23 morbis
236 620 180 30 fymptomatice
434 621 151 30 hofpitesque
600 622 47 23 fefe
664 624 143 30 adjungant;
825 625 29 24 &
869 627 152 26 infirmitates
1038 639 59 17 CON-

131 648 143 31 je&turarum
284 666 7 11 ,
309 657 83 23 parum
407 651 75 28 forte,
500 652 77 30 objici
588 659 77 24 queat.
701 654 66 33 Quot
782 656 64 25 enim
860 659 95 24 morbos
973 668 14 16 a
1004 664 88 24 vermi-

135 682 42 24 bus
190 681 98 24 exeitari
299 681 64 32 pofle
379 690 46 17 non
438 684 122 31 cognitum
575 685 50 25 eft?
643 684 26 26 &
681 685 74 27 ferior
766 695 64 22 aetas
847 690 23 25 in
882 693 109 25 omnibus
1006 697 88 25 morbis

134 714 89 25 fubeffe
242 716 170 31 experimentis
427 716 63 26 forte
507 717 44 25 füis
571 719 160 26 confirmabic:
748 722 75 26 Sicuti
840 724 71 33 noftri
926 727 73 25 multa
1014 728 24 27 in
1057 730 43 25 his:

133 749 154 23 obfervarunt
300 749 156 32 faperioribus
467 752 136 31 incognita,
620 760 25 17 ut
656 761 80 18 acaros
750 755 160 33 dyfenteriae,
929 766 46 19 cet.

165 781 173 26 Accedendum
352 784 49 32 jam
414 784 33 25 eft
462 785 30 24 ad
502 785 158 33 propofitum,
677 787 125 33 fpecialem
823 798 89 24 nempe
928 788 169 37 perträdtatio--

131 819 56 26 nem
199 816 133 24 animaliam
344 817 174 31 parafiticorum
532 818 183 35 frequentiorum
726 829 29 16 ex
767 822 68 25 claffe
847 826 132 29 vermium.,

165 845 130 26 VerMESs
312 856 55 16 ante
383 851 50 23 Car.
448 851 99 23 Linnaei
566 852 97 31 fyftema
681 854 122 24 conditum
815 859 18 25 ‚*
843 855 140 27 dicebantur
994 861 97 24 animal-

133 877 51 24 cula
201 880 117 29 quaelibet
337 881 179 25 inteftiniformia
516 891 30 20 ,
569 885 74 29 apoda
657 903 6 12 ,
687 884 143 27 Köftrietius
858 888 64 26 fimui
948 892 149 32 exfanguia,,,

131 917 75 23 eaque
218 917 46 16 non
276 912 105 30 perfe&ta
393 914 71 27 modo
478 915 37 23 fed
530 915 77 25 larvae
618 919 70 23 etiam
702 917 140 26 infe&torum
855 922 127 27 väriorum.
999 935 4 4 '
1018 926 79 26 Paulo:

130 941 77 24 adhuc
219 943 67 23 tatius
303 944 128 24 fumferunt
444 954 69 16 nomen
516 947 79 24 illud
607 950 106 29 Medici,
731 948 26 27 &
768 952 117 33 guidgquid,
897 957 29 24 ab
942 951 95 35 animali
1052 968 43 16 or-

130 975 80 31 ganici
221 977 135 24 excernitur
368 985 30 16 eo
414 979 161 31 appellarunt;

163 1008 113 26 Zinnaeus
291 1011 87 32 primus
396 1017 43 26 pro
456 1011 92 26 clafico
568 1012 76 25 fümfic
655 1030 7 13 ,
684 1015 120 32 multaque
823 1017 40 24 fub
884 1019 57 24 illud
960 1024 136 24 revocavit:

130 1047 59 25 quae
200 1049 69 18 antea
287 1043 150 32 agnatilibus,
455 1045 136 29 cruftaceis,
610 1053 40 17 aut
667 1047 92 24 infe&tis
781 1049 227 30 adnumerabantur:
1027 1056 62 24 Con-

127 1071 80 30 jJunsit
218 1080 79 19 autem
310 1077 60 24 adeo
383 1078 90 25 diverfa
484 1079 122 29 animalia,
626 1086 25 17 ur
662 1079 104 26 claflicus
778 1081 121 27 charatter
910 1085 118 27 abfolutus
1040 1097 47 17 non

129 1102 70 31 detur
211 1121 6 11 ,
244 1108 115 31 multique
377 1112 109 30 negativi
509 1113 127 30 paucifiimi
659 1114 37 24 vel
714 1114 56 24 nulli
792 1114 136 29 affirmativi
950 1121 138 25 concinnari

128 1141 94 25 queant.
243 1138 80 36 Hinc
338 1149 13 15 a
365 1143 105 25 Linnaeo
485 1145 54 24 data
552 1146 94 25 criteria
664 1146 75 25 claffis
752 1149 80 24 omnia
848 1151 110 25 vacillant
972 1154 115 24 incertosr

128 1174 46 25 que
188 1175 42 16 nos
243 1170 142 32 relinguunt.
422 1176 90 25 Veram
525 1186 69 23 quum
606 1179 66 32 hojns
689 1180 46 24 loci
746 1188 47 17 non
810 1181 27 26 fir
852 1185 124 31 zoologiae
990 1185 103 32 fyllema-

127 1201 105 25 condere
249 1210 101 23 novum,
368 1207 61 29 quod
447 1216 61 17 nunc
525 1213 132 24 maturefeic
673 1214 125 32 primulum
812 1224 13 21 ;.
844 1216 73 24 claflis
935 1217 151 27 Linnaeanae

126 1233 65 32 figea
203 1243 118 27 utcungue
321 1239 114 24 eruenda
446 1241 68 24 nobis
531 1250 76 18 erunt.
684 1243 2 2 \
932 1267 7 6 .

161 1268 89 27 Vermes
253 1272 101 33 itaque
367 1272 87 25 habent
466 1281 41 16 cor
518 1276 142 27 uniloculare
674 1279 39 23 wel
725 1279 121 24 obfeurum
854 1288 14 21 ;
879 1281 107 26 tracheas
997 1284 101 32 nullasz;

126 1301 106 26 maxillas
246 1306 139 24 multifarias
398 1306 38 24 vel
452 1307 86 29 nullas;
556 1317 69 23 caput
637 1312 23 23 in
677 1311 126 24 difererum
819 1312 37 24 vel
868 1314 144 32 obfeurum,;
1028 1323 76 20 nun«.‘

126 1339 70 24 quam
213 1338 72 29 pedes
305 1339 47 24 alas
365 1340 132 31 pinnasve,
510 1341 118 27 interdum
643 1343 102 33 tlagella,
764 1344 105 31 cirrhos,
889 1351 132 28 tentacula,
1041 1352 45 31 fpi-

126 1366 81 36 nulas;
228 1370 127 32 Effentialis
368 1374 111 25 charalter
496 1375 23 23 in
532 1377 76 29 Sapire
622 1377 98 24 obfeuro
731 1376 24 26 &
770 1378 105 26 abfentia
886 1381 87 32 pedum
987 1385 107 31 Conjun--

125 1396 43 25 is
187 1401 93 26 videtur
298 1405 125 26 confiftere
441 1413 69 26 atque
527 1409 57 30 poni
602 1409 70 33 pofle.

157 1430 64 26 Data
241 1442 63 18 nune
321 1438 91 26 clatlica
426 1440 199 27 determinatione
625 1460 20 11 ,
668 1451 88 24 genera
773 1444 49 32 ejüs
837 1447 107 30 protinus
962 1449 128 30 fpeciatim:

123 1469 138 24 Percurrere
283 1471 144 30 aggredior,
455 1481 59 25 guae
529 1474 67 25 intra
621 1476 113 24 animalıa.
752 1476 145 34 frequentius
916 1481 175 31 reperiuntur.::

118 1494 103 37 Nempe
237 1500 106 32 Furiam,
361 1504 128 32 Gordium,
507 1506 149 31 Afcaridem,
674 1510 165 30 Lumbricum,
858 1512 143 30 Fafciolam,
1020 1513 63 24 Tae-

119 1533 79 29 Alam,
203 1533 101 37 reliquis
314 1539 165 33 opportuniori
494 1540 160 34 atque-fufiori
667 1542 134 28 tra@lationi
812 1545 140 25 refervatis..
