1200 1608
84 105 33 27 80
212 88 415 40 DISSERTATIO
676 83 241 31 MEDICA

86 163 139 28 Schenkius.
248 157 150 28 Academieis
416 153 105 27 Parifinis
543 150 80 25 retulit
641 149 55 24 olim
711 143 155 32 Duvernejus
879 159 8 13 ,
910 142 24 24 in
949 137 95 27 infantis

104 195 150 33 uinquennis,
269 194 36 23 ‘de
322 186 208 29 vehementiflimis
551 184 28 24 ad
596 182 46 24 nafi
664 179 103 24 radicem
780 176 118 23 doloribus
908 170 135 35 conquefli,

131 229 52 32 poft
201 225 139 26 trimeftrem
361 222 86 24 lentam
463 218 87 25 febrim
566 216 130 28 fübitasque
717 207 164 27 convulfiones
897 206 88 24 mortui
996 203 49 25 finu

89 264 90 24 falcato
191 265 120 27 repertum
331 254 66 26 fuifle
408 259 106 19 vermem
529 247 145 27 terreftribus
690 243 97 25 fimilem
797 258 5 11 ,
821 247 15 22 4
849 237 61 33 quafi
920 238 127 30 pollicum,

90 297 84 23 yivum
185 293 24 24 &
210 299 100 20 novem
322 289 61 24 horis
395 284 144 34 fuperftitem
554 280 60 26 Hift.
631 280 30 24 de
675 278 13 25 !’
696 276 74 26 Acad:
788 279 69 25 1700.
875 278 23 24 p.
915 276 38 24 39.
971 270 76 22 Mira-

92 330 53 24 €ulo
158 326 95 32 propius
265 323 54 25 illud
331 321 34 25 eft
375 319 63 33 quod
452 317 77 24 retulit
540 313 100 25 Lifterus
651 312 58 24 Phil.
723 309 68 24 tranf.
811 314 22 16 n.
846 311 39 24 95.
904 311 23 23 p-
938 303 64 27 6064
1018 301 30 23 ad

92 359 136 27 malleolum
245 364 87 23 nempe
347 353 160 25 exulceratum
525 347 89 33 puellae
632 344 106 25 o&tennis
750 347 81 20 vermes
834 338 116 25 circiter
961 332 89 33 viginti

94 391 118 27 extra&tos
221 399 13 21 ‚
247 393 75 28 3-4V*
333 386 109 32 pollicum
454 401 7 11 ,
482 380 117 25 lumbrıeis
613 378 112 24 teretibus
741 374 142 26 fimillimos,
907 369 108 30 utrinque
1027 373 22 16 a-

95 426 82 29 &utos,
195 420 178 35 rigidiusculos,
390 417 48 24 {ine
450 415 84 25 annulo
550 411 81 26 vifibili
647 429 6 10 ,
675 408 173 28 albidioresque
857 420 7 12 ,
881 408 97 26 quorum
990 400 61 30 plus-

95 465 69 27 quam
172 459 41 22 60
232 455 39 24 alii
286 452 120 33 applicato
422 446 162 34 cataplasmati
603 442 141 25 adhaeferunt
748 445 29 22 ,
799 438 70 23 unico
889 439 91 19 tantum
991 440 14 15 a
1019 432 33 24 fe-

97 491 79 26 cunda
196 487 162 34 applicatione
377 483 141 33 prodeunte.
532 480 35 23 Ex
579 476 88 26 cantho
683 471 62 25 oculi
763 470 140 24 lumbricum
922 464 131 25 extra&tum

96 523 69 26 fuıffe
186 520 185 32 femipalmarem
383 528 14 16 s
428 515 83 22 vivum
533 511 124 26 albumque
680 504 71 23 tradit
773 501 80 24 Amati
877 497 102 25 Lufitani
1003 496 50 24 obf.

99 558 68 24 Cent.
170 554 58 24 VII.
239 554 39 29 63.
291 556 71 26 quem
372 554 29 18 ex
412 542 135 27 ventriculo
558 548 29 16 eo
599 535 126 28 efcendiffe
734 542 53 17 cum
800 532 93 24 Clerico
910 529 112 31 conjieio.

133 586 77 26 Simili
224 585 92 23 ratione
330 581 24 24 in
371 578 66 25 varia
450 575 89 26 vifcera
555 577 83 27 repunt
652 575 39 18 aut
705 571 132 27 penetrant.
873 563 38 24 Sic
923 568 72 17 unum
1009 567 48 17 tres

100 620 101 34 pollices
222 621 140 28 aequantem
387 610 79 27 medio
491 605 133 35 pancreatis
649 600 123 29 emiflario,
786 599 153 24 incuneatum
951 613 6 11 ,
985 593 72 24 unico

101 659 124 28 praeterea
240 652 24 23 in
284 647 111 26 inteftino
414 646 99 24 invento
528 658 7 13 ,
561 638 96 33 proprio
671 634 81 26 libello
766 631 153 26 Mauchartus
930 625 127 33 defcripfit.

101 686 111 26 Crebrius
222 684 25 24 in
258 681 108 29 dutibus
385 677 87 25 bilariis
491 675 158 24 obfervantur.
675 668 86 26 Galeni
772 665 80 26 Wieri
867 664 41 24 filii
921 660 138 26 obfervatio

103 720 133 25 celebratur
250 732 8 12 ,
282 714 40 30 qui
337 713 24 24 in
377 710 62 25 fe&ta
456 707 77 32 puella
549 704 128 32 hydropica
694 702 59 23 duos
763 699 127 23 lumbricos
903 694 157 32 fpithamaeos

104 758 75 18 unum
199 748 23 25 in
240 744 149 28 choledocho
405 741 75 25 canali
495 757 7 10 ,
528 737 98 25 alterum
644 735 40 24 fub
701 732 135 24 membrana
846 731 23 21 in
885 727 91 31 hepatis
986 724 74 32 gibbo

106 783 101 32 reperit,
224 780 77 24 Wier.
313 777 30 24 de
353 773 78 26 malef.
446 771 101 26 affe&tis,
555 769 72 30 Oper.
641 773 64 17 omn.
714 762 75 25 Amft.
805 762 68 28 1560.
893 765 86 24 p.310-
993 755 21 33 $.
1025 758 37 24 18.

106 817 73 26 Binos
197 812 82 26 itidem
298 810 23 24 in
341 807 111 30 hepatico
468 802 26 25 &
510 800 86 33 cyftico
613 798 71 24 du&tu
696 814 7 10 ,
719 793 155 32 copiofösque
884 790 65 24 fimul
962 790 24 22 in
1001 789 62 23 ınte-

106 849 67 26 finis
190 848 142 24 invenerunt
348 840 107 26 Naturae
473 832 83 29 curiofi
576 830 51 27 A&.
645 829 47 26 vol.
709 828 32 25 V.
768 834 22 24 p.
806 832 54 25 392.
884 821 26 27 &
930 821 49 26 vol.
994 821 70 24 VIIL

108 884 25 31 p.
149 880 37 33 39.
204 879 93 25 Eodem
307 875 73 25 modo
396 881 41 24 per
447 868 163 33 oefophagum
623 866 24 23 in
662 863 80 25 fauces
754 859 142 28 afcendunt,
914 855 151 34 quemadmo-

110 916 56 23 dum
179 914 24 23 in
216 910 77 33 puella
306 907 101 25 decenni
421 906 57 24 alias
495 903 54 23 fana
560 907 80 17 eorum
654 897 106 33 glomere
776 900 26 16 os
817 898 70 26 atque
898 889 81 28 faucgs
991 887 73 32 reple-
1086 905 3 4 .

112 954 39 22 ta,
168 945 25 25 &
205 944 67 24 binos
284 943 22 23 in
324 940 96 25 trachea
432 938 28 25 ad
480 934 77 26 cordis
574 932 77 25 fedem
663 929 70 32 ingue
749 927 68 25 initio
834 924 118 32 pulmonis
966 919 100 26 manıfe-

112 980 47 25 ftos
175 975 162 27 fuFfocationis
360 978 93 19 autores
465 988 7 12 ,
488 967 92 25 detexit
592 962 108 27 Muftriff.
718 962 56 24 Alb.
787 960 29 23 ab
827 957 81 26 Haller
920 953 85 33 Opufc.
1024 953 43 23 Pa-

114 1011 59 26 thol.
192 1018 22 25 p.
228 1016 37 17 20.
285 1006 47 26 obf.
345 1013 23 25 9.
387 1011 45 26 qua
443 1003 30 25 de
486 1000 103 33 pernicie
605 995 110 27 ceciniffe
729 993 95 25 videtur
838 991 45 31 Qu.
896 989 97 23 Serenus
1004 985 64 23 Sam-

115 1039 167 31 monicus.
445 1034 130 26 Lumbricus

183 1076 68 28 Saepe
262 1074 65 23 etiam
332 1070 108 32 feandens
451 1067 91 32 oppleris
561 1064 87 23 faucibus
661 1061 75 21 haeret

114 1115 9 5 -
187 1104 140 33 Obfellasque
343 1104 49 22 vis
407 1102 61 23 vitae
477 1096 119 34 praecludit
609 1092 95 24 anhelae.
928 1110 3 3 .

116 1147 6 5 -
152 1136 274 33 Saepetumnafooreve
435 1134 151 29 aegrotorum
594 1128 143 21 evomumeur
746 1117 131 34 prodeuntge
880 1115 194 26 autextrahun-

118 1181 57 21 tur,
192 1171 47 24 fine
253 1175 61 17 noxa
325 1174 77 16 tamen
415 1171 39 17 aut
466 1165 125 29 portento,
609 1157 71 24 etiam
693 1156 23 23 in
734 1153 118 27 febribus,
870 1150 39 25 vel
922 1150 49 24 vivi
983 1149 40 24 ubi
1033 1154 41 18 eos

119 1205 177 32 malignitatem
310 1199 119 24 inimicam
451 1195 118 31 fugientes
588 1189 81 33 egredi
683 1195 46 17 non
744 1187 33 24 ita
797 1184 61 25 male
868 1184 88 24 docent
969 1180 106 27 Medici,

119 1240 44 25 vel
177 1235 88 28 mortui
286 1231 61 35 quod
366 1231 25 24 in
410 1228 74 24 acutis
502 1224 119 27 febribus,
645 1222 48 24 fine
709 1220 72 25 noxio
799 1216 101 28 fucceflu
914 1214 87 24 fa&tum
1015 1211 62 24 vidit

123 1271 119 33 Vogelius
253 1275 61 18 neue
326 1264 61 25 med.
407 1259 109 27 Biblioth.
533 1257 33 24 III
584 1256 24 24 B.
625 1256 8 23 1
651 1256 33 23 St.
702 1259 23 27 p.
739 1261 37 23 29.
803 1252 95 23 Certum
914 1252 59 17 vero
992 1242 33 25 eft
1036 1251 42 17 eos

125 1312 57 17 tunc
198 1309 73 24 pravo
287 1304 118 28 parcoque
415 1294 113 25 alımento
539 1290 108 31 praebito
659 1306 7 12 ,
689 1285 92 27 convelli
784 1286 23 26 ,
830 1283 49 22 imo
894 1276 107 30 enecarj,
1024 1276 56 25 hine

126 1339 30 22 ab
170 1335 131 24 irritatione
311 1331 25 25 &
348 1330 103 25 fordibus
471 1326 91 25 illorum
575 1322 75 23 morbi
664 1320 171 30 malignitatem
854 1311 96 32 augeri,
969 1309 25 26 &
1010 1310 70 31 faepe

122 1367 165 33 'epidemicam
303 1364 84 28 reddi,
413 1360 64 25 unde
499 1355 139 35 quandoque
659 1349 126 28 verminofi
811 1343 98 27 affeftus
930 1351 42 23 pro
995 1343 85 25 talibus

129 1400 77 26 habiti
224 1398 94 24 fuerunt
330 1413 8 13 ,
361 1403 69 24 quum
447 1389 108 28 lumbrici
572 1387 37 32 qui
629 1394 72 24 usque
719 1391 49 23 zum
782 1381 117 24 latuerant
916 1385 13 15 a
941 1378 84 23 morbo
1039 1382 41 18 ex-

123 1433 76 28 "eitati
210 1431 24 24 in
249 1430 116 32 plerisque
375 1427 76 32 aegris
466 1426 23 23 fe
499 1419 182 28 manifeftarent.
745 1418 6 12 '

164 1463 136 29 Nocentius
323 1460 73 25 multo
414 1465 70 25 atque
501 1455 73 25 dirius
591 1451 33 25 eft
640 1459 53 17 cum
710 1446 85 28 infefta
809 1446 59 23 haec
884 1442 103 26 humano
1000 1440 84 34 generi

131 1498 114 30 colluvies
256 1514 8 13 ,
280 1494 87 33 primas
384 1493 49 25 vias
455 1490 85 33 quibus
564 1485 146 27 conchaditur
721 1500 8 13 ,
747 1486 103 26 utcungue
852 1477 152 26 irtitata-in
1011 1473 75 31 furo-

576 1535 3 3 :
785 1521 9 6 -
1023 1512 61 18 rem-

858 1547 14 7 >
