1192 1608
48 623 13 49 PPSTR

261 70 708 41 AENAUGUHRALIS»
1081 55 41 52 Fu

133 145 69 22 reos,
216 134 110 33 rugofos,
345 131 164 27 antennulatos
521 130 107 33 erupiffe.
640 130 100 32 legimus
758 130 34 26 Ib.
811 129 89 26 vol.X.
918 137 23 25 p.
955 137 54 25 ı3r.
1027 130 64 26 Tab.

135 169 91 27 1.6.

167 204 26 23 In
204 200 109 32 faucibus
332 207 112 26 equorum
460 198 91 32 prolem
565 198 70 31 ponit
651 195 95 38 Oeftrus
769 197 70 24 Linn.
857 204 21 23 3.
901 196 127 24 Vermium
1048 197 41 25 fub

136 241 125 19 cervorum
273 235 79 31 lingua
365 232 119 32 hifkoriam
496 231 97 32 egregie
603 229 99 25 tradidit
710 229 128 36 Reaumur.
846 229 71 25 Tom.
925 229 33 25 V.
969 234 71 26 4'%.p.
1049 233 41 27 67.

135 266 144 34 eosdemque
288 267 73 25 etiam
372 270 171 20 commemorat
554 262 25 25 &
587 262 106 24 delineat
709 261 62 24 Redi
781 261 79 31 opufe.
876 262 50 32 vol.
947 270 20 16 r.
995 270 23 23 p.
1034 269 55 23 199.

136 300 31 25 Et
183 301 39 24 fub
233 307 84 17 canum
329 297 125 33 agreftium
465 297 87 30 -Iinguis
564 296 24 23 in
600 295 92 24 Galliae
702 293 97 33 quadam
810 299 67 25 parte
886 293 138 33 obfervati,
1040 303 50 17 me-

136 339 122 19 morantur
275 333 22 23 in
314 330 61 26 Hift.
394 329 29 25 de
440 328 90 25 l’Acad.
543 335 70 25 1743.
630 336 22 23 p.
662 329 39 28 48.
726 326 107 25 Creditur
850 326 74 25 etiam
940 328 72 33 vulgo
1029 329 69 26 nafei.

137 367 41 25 fub
193 372 82 17 canam
290 364 80 32 lingua
383 369 106 18 vermem
502 360 88 35 Ly/am
605 361 74 23 vabiei
695 360 122 33 fomitem,
834 366 43 26 pro
890 366 46 24 quo
948 367 80 19 tamen
1040 368 50 19 ten-

138 399 80 28 dinem
231 404 97 20 erronee
341 393 104 27 exfeindi
458 394 88 24 docent
559 393 142 25 Fränkifche
714 392 68 24 Saml.
799 392 47 24 vol.
859 391 42 24 Ill.
921 399 22 22 p.
957 394 53 27 165.

170 429 106 25 Dentium
286 436 92 18 vermes
392 428 37 31 vel
442 426 49 27 fili
504 434 77 17 errore
593 426 39 24 vel
647 425 165 31 microscopici
822 424 59 25 funt,
903 424 106 25 Priorum
1022 425 69 26 fabu-
1107 437 18 28 H

138 463 47 24 lam
197 462 132 32 propalavit
342 460 137 26 Schaeferus
493 460 97 32 proprio
599 459 94 29 libello,
710 458 38 23 cui
759 458 22 24 fe
794 457 110 33 oppofuit
914 458 128 32 Anonymus
1045 461 48 25 in

138 496 85 24 Fränk.
242 496 69 24 Saml.
330 495 31 23 ib.
381 502 22 23 p.
418 495 61 29 163;
514 493 139 31 Verumque
669 499 106 17 vermem
791 490 165 32 pineiformem
973 499 28 17 ex
1019 493 73 25 dente
1108 493 16 23 #

137 528 132 25 extratum
287 527 111 25 defcribit
415 526 31 25 du
467 526 62 23 Four
548 525 22 24 in
592 525 80 32 Journ.
691 524 30 24 de
741 524 188 26 Vandermonde
946 524 71 25 Tom.
1034 526 58 25 VII

139 561 117 29 Octobre,
268 560 24 25 &
300 560 120 32 Otalgiam
430 564 76 18 ortam
518 566 12 16 a
539 558 71 24 larvis
623 557 93 25 mufcae
728 558 118 23 carnariae
857 557 108 24 invenies
976 558 34 23 Ib.
1023 559 70 26 T.X,

137 595 68 28 Aout
219 601 56 18 n.2.
312 594 37 24 Ex
363 594 119 24 oculorum
493 592 108 30 palpebris
614 597 114 18 exeuntes
740 598 93 16 vermes
846 597 96 17 narrant
958 591 69 24 Mife.
1042 600 50 16 cur.

137 627 66 24 D.ı.
228 627 63 23 Ann.
302 627 31 22 II.
357 625 46 22 obf.
418 631 38 21 24.
476 623 25 23 &
517 630 29 16 ex
559 629 93 16 tumore
664 623 63 22 oculi
743 622 150 29 Ephemerid.
913 623 66 23 Cent.
995 624 30 22 V.
1044 624 50 29 obf,

138 664 40 23 72.
197 656 156 30 Millepedem
367 662 104 16 vermem
482 654 24 22 in
519 660 54 16 aure
586 653 125 23 adnotavit
720 652 136 29 Rulandus,
870 653 66 24 Cent,
950 654 30 23 X.
998 662 47 17 cur.
1055 659 39 24 82,

138 692 37 25 Ex
191 689 77 25 cantbo
284 687 85 33 majori
381 688 98 23 Amarus
490 684 71 25 Lofit.
574 684 67 25 Cent.
654 685 57 25 Vll.
727 692 47 17 cur.
786 687 38 29 63.
846 686 98 25 Bianchi
957 687 30 24 de
1005 688 97 27 Gener..

137 733 25 24 p.
173 728 54 27 322.
246 721 32 26 cf,
288 721 144 26 Pechlinum.
460 720 100 37 Aurium,
566 726 93 17 vermes
674 718 110 25 viderunt
795 718 108 25 Foreftus
915 720 64 25 XXI.
996 723 37 23 26.
1050 722 46 25 Pli-

138 758 52 24 nius
206 757 39 23 lib.
259 762 38 18 20.
315 763 21 17 c.
352 763 35 23 14.
422 754 131 25 Montanus
566 753 96 24 confult.
674 760 40 23 40.
732 752 96 25 Bianchi
842 761 22 24 p.
876 752 56 33 313.
938 754 94 28 Afellis
1048 763 55 18 non

137 789 132 30 abfimiles,
283 797 53 16 cum
348 789 77 24 fecuta
436 787 111 25 furditate
558 794 28 16 ex
598 786 116 25 ulceribus
726 794 60 15 aurıs
791 786 119 31 Kerkring
914 787 66 29 Obf.
992 795 37 22 19.
1043 789 52 30 pin-

139 822 113 25 eiformes
268 822 113 24 Valefcus
397 821 29 24 de
445 821 106 23 Taranta
561 819 44 23 IV.
625 826 38 24 30.
686 819 104 24 Derham
804 819 65 30 Phyf.
888 819 57 25 edit.
966 828 19 15 ı.
1003 828 23 23 p.
1038 823 55 28 38r:

138 854 55 25 Hos
208 859 78 18 autem
302 860 83 17 omnes
401 860 54 16 cum
469 852 120 24 vermibus
605 851 104 24 ulcerum
726 851 128 24 convenire
867 857 44 18 nec
927 850 48 25 nifi-
985 847 117 32 ulceratis-

141 886 94 26 auribus
246 884 73 25 ineffe
331 885 79 24 cenfer
425 885 104 23 Clericus
545 891 24 22 p.
583 891 56 23 320.

174 919 74 30 Supra
263 917 81 23 duram
358 924 127 23 meryngem
501 915 68 24 fuille
581 916 111 24 inventos
707 915 60 31 apud
781 914 121 26 Foreftum
916 916 41 25 IX.
970 924 23 23 4.
1012 918 83 26 Hildas

139 960 57 19 num
206 951 18 23 I.
239 951 37 23 16.
290 949 99 32 legitur;,
406 949 26 23 In
448 948 91 24 cerebri
549 949 122 23 ventribus
685 947 29 24 ad
731 947 154 26 choroideum
900 950 137 31 praefertim
1048 952 48 31 ple-

139 993 58 19 zum
206 984 101 25 Bonnet.
322 981 111 34 fepulchr.
445 981 18 23 I.
478 981 53 23 116.
549 980 108 24 Foreftus
667 980 42 24 IX,
723 987 22 16 2.
762 981 100 25 Bianchi
879 990 23 23 p.
915 984 62 29 316;
993 985 27 23 In
1031 992 67 17 cere-

141 1019 64 26 bello
216 1016 147 27 Bartholinus
374 1015 74 29 habet,
460 1014 68 24 Cent.
543 1020 21 29 ı.
583 1012 49 23 bift.
638 1015 52 33 64,
708 1019 80 23 parum
804 1013 77 23 fidam.

136 1063 10 15 +
173 1051 26 23 In
209 1051 99 30 zulmone
319 1050 24 25 &
353 1049 95 32 pettore
458 1052 147 25 vermesjam
619 1044 114 25 viderunt
742 1044 59 24 Zoar
813 1044 123 26 Abhomer.
938 1046 33 24 1.
989 1054 19 17 1.
1027 1048 76 26 trat.

140 1090 26 19 2.
185 1088 81 25 cap.3.
286 1082 26 25 &
330 1081 164 27 Alfaharavius
510 1080 23 25 in
549 1086 52 25 cap.
617 1078 30 24 de
664 1076 57 26 tufli.
757 1077 24 23 In
793 1076 84 33 Aftulis
888 1081 71 22 adreis
969 1079 26 26 &
1007 1082 91 31 pulmo-

144 1115 69 24 nibus
225 1114 70 25 Mife.
315 1123 48 16 cur.
382 1116 29 24 D.
432 1122 36 17 ır.
487 1114 29 23 A.
530 1121 33 16 ıw.
590 1111 47 26 obf.
650 1119 39 24 73.
717 1110 146 26 Valisnerius
882 1113 71 23 etiam
972 1113 26 25 &
1013 1115 84 24 Santu-

142 1148 76 25 lianus
234 1146 23 23 in
274 1146 78 29 Galer.
371 1147 25 24 di
409 1148 113 23 Minerva
544 1147 30 22 'T.
587 1146 56 24 VIL
660 1146 25 23 P.
700 1152 19 16 r.
737 1144 46 24 obf.
798 1151 22 24 7.
844 1144 25 25 &
886 1146 96 25 Bianchi
1004 1154 23 23 p.
1042 1154 55 23 339.

142 1180 27 25 &
181 1177 108 26 Foreftus
301 1186 49 16 xxı.
364 1181 37 22 26.
418 1180 161 24 obfervarunt.
616 1178 179 24 Lumbricorum
808 1178 90 31 glomer
908 1179 79 24 fauces
998 1181 99 28 opplens

138 1213 110 32 ‚duosque
265 1210 23 25 in
305 1210 118 24 tracheam
440 1211 108 30 delapfos
567 1210 25 24 &
607 1210 28 24 ad
654 1211 120 31 pulmones
789 1218 72 24 usque
878 1210 104 25 delatum
998 1212 100 24 alterum

140 1246 106 25 Settione
265 1243 96 26 invenit
376 1242 32 24 Il.
420 1242 109 24 Hallerus
543 1243 87 30 Opufe.
657 1243 92 24 Pachol.
766 1251 23 24 p.
805 1251 38 16 20.
865 1242 116 25 Fafciolas
1006 1244 92 31 pulme-

136 1285 65 17 num
211 1286 73 17 ranae
300 1277 60 26 vidir
371 1275 218 25 Swammerdamius
603 1277 55 23 bibl.
670 1282 95 18 naturae
776 1284 21 22 p.
807 1278 53 28 803.
886 1276 27 22 In
923 1275 80 32 afpera
1013 1278 96 24 arteriaı

135 1311 108 31 ‚viperae
251 1311 109 25 femellae
371 1308 110 31 fimulque
491 1308 159 25 inventriculo
660 1308 24 25 &
696 1307 112 25 inteftinis
820 1308 126 24 lumbricos
958 1309 152 32 majusculos‘

144 1343 94 27 invenit
250 1344 61 24 Redi
320 1344 49 24 obf.
381 1343 29 24 de
421 1341 109 32 Viperis,
543 1340 24 25 &
581 1343 63 24 idem
656 1343 23 23 in
691 1340 118 25 bronchiis
825 1341 178 26 herinaceorum
1014 1351 85 25 parvos

144 1376 172 30 lumbricellos,
334 1377 32 24 de
377 1376 89 24 vivent.
485 1374 61 24 intra
560 1376 48 23 viv.
624 1374 87 32 Opufe.
726 1373 80 24 T.IUI.
827 1381 68 24 p.32.
915 1376 106 32 interque
1032 1378 68 24 bran-

144 1409 65 24 chias
219 1410 92 31 cyprini
325 1410 41 24 lati
381 1408 25 25 &
423 1408 63 24 rutili
498 1408 102 24 T’aenias
613 1407 115 25 Frıfchius
743 1406 69 25 Mife,
827 1407 75 25 Berol.
915 1409 41 23 II.
976 1416 22 24 p.
1010 1417 47 24 48;
1075 1415 25 19 at

144 1441 132 32 Wepferus
289 1443 24 24 in
328 1442 109 25 Trachea
449 1441 107 25 ciconiae
569 1440 186 26 afcaridiformes
768 1441 139 25 vermiculos
918 1441 30 25 de
959 1442 76 25 Cicut.
1055 1444 53 23 8"%..

144 1484 24 26 p.
182 1482 56 26 300,
259 1476 45 26 Per
317 1475 74 27 tuflim
402 1474 82 35 rejeöti
497 1474 81 32 pallim
592 1476 110 56 legunn
713 1473 31 24 ef.
758 1473 117 29 Clericum
891 1483 24 24 p.
928 1482 66 25 310.
1017 1475 27 24 In
1054 1474 58 33 vul-

692 1513 38 19 2
864 1508 8 5 “
1089 1507 5 4 i

1070 1514 46 26 P!S5

1168 618 9 29 IT
1173 546 8 54 ua.
