1200 1608
21 1393 8 32 ann

70 103 36 19 ©
221 62 691 54 DESSERTATIO"MEDICA

70 150 154 30 viam.fa&tläm
233 147 114 26 ulcufeulo
354 153 29 17 ex
393 142 103 26 abfeeffu
503 138 185 27 alicubifuborto
695 135 98 25 accretis
805 134 152 25 circumcirca
981 132 46 30 peri»

75 192 87 19 tonaeo
178 181 128 29 inteftinis,
319 185 40 18 aut
373 185 40 22 per
426 173 161 35 quamcungüe
598 170 89 25 caufam
698 175 56 20 ‚eos
766 167 62 30 fegui
839 175 6 20 ;
853 162 174 36 cujusmodielt

74 218 94 26 hıftoria
178 215 117 30 deferipta
309 220 23 16 a
333 208 99 27 Dodiff.
456 207 71 24 Coich
540 206 22 24 in
580 203 58 25 DIf.
653 200 100 25 Bafileae
770 198 80 25 habita
862 216 6 11 ,
885 200 39 22 ubi
937 200 90 30 inguen

74 252 102 25 feminae
188 256 31 23 7,3
235 249 53 22 ann.
305 240 154 29 Hitula-faeta
474 239 94 31 trafecit
590 235 146 27 Jumbricus,
752 232 76 30 ingue
849 236 105 18 mertuae
976 227 52 34 poft

75 280 208 29 tertium.menfem
295 279 55 27 alvo
361 280 92 27 reperta
468 272 65 24 fuere
546 269 78 25 tenuia
634 262 342 38 gangraenofo-infiammata,
993 268 36 17 tu-

76 318 78 27 mida,
172 312 59 33 quae
242 311 88 33 inguini
342 311 154 23 accreverant
508 304 76 24 areola
596 301 63 32 quali
670 298 108 33 pollicari
794 296 79 25 ulcere
887 294 78 24 medio
976 300 53 24 per-

77 350 62 27 twufa,
163 347 21 24 in
203 346 53 24 loco
276 342 106 26 tranlitus
399 337 124 34 ligamenti
542 335 84 25 uterini
643 333 88 23 tereris.
766 331 44 24 Per
826 329 107 27 canalem
944 334 29 17 ex
984 325 50 25 ıleo

77 382 30 25 ad
119 379 134 26 umbilicale
264 378 63 23 ulcus
339 373 94 25 duetum
445 368 80 34 egredi
538 368 59 25 vidit
613 367 123 23 Lanzonus
748 364 126 30 Ephemer.
893 357 47 27 eur.
959 365 72 24 1712.

78 416 49 24 obf.
141 421 45 24 39;
211 411 83 31 quibus
315 405 113 31 exemplis
446 403 99 30 analoga
556 400 107 24 videntur
675 405 59 24 quae
746 396 100 30 legimus
863 393 62 31 apud
938 393 94 23 Morto-

80 455 55 17 num
152 453 23 17 ın
191 442 58 33 Hift.
263 441 27 33 of
297 437 201 28 Nortbamtenshire
509 434 75 26 Lond.
598 439 69 23 ızı2.
690 429 44 24 fol.
754 436 22 22 p.
788 429 56 28 467.
866 425 26 25 &
908 432 59 23 quae
982 432 51 16 nar-

79 486 38 18 rat
134 477 96 32 Willius
247 474 29 26 de
292 471 101 28 abfcellu
412 470 95 25 faccato
522 473 86 25 magno
626 459 178 35 hypochendna
822 463 131 26 oscupante
967 456 24 24 &
1002 456 35 25 ad

80 514 88 28 inguen
185 516 69 23 rupto
271 508 22 24 in
310 504 115 32 gravida,
448 508 29 17 ex
490 506 61 24 quo,
573 496 62 24 nado
647 493 132 31 implicatus
795 490 125 24 Jumbricus
929 488 104 30 prodiit,

80 543 54 26 A&t.
148 542 98 24 Heivet.
269 538 49 25 vol.
336 544 20 16 1.
377 542 23 23 p.
414 539 39 23 73.
470 532 45 29 feg.
539 529 25 23 &
578 534 58 25 quos
649 530 92 18 narrant
758 530 30 17 ax
802 521 117 32 epigäftrii
932 519 105 24 abfceflu

81 573 116 35 prodiiffe
215 572 157 29 relinquentes
392 572 71 17 anum
479 560 144 33 artificialem
640 556 118 25 decennio
778 554 51 32 poft
848 553 103 26 hiantem
965 551 69 25 Nov.

82 611 45 23 lite.
146 605 72 26 balch.
236 610 68 25 1704.
322 609 24 23 p.
359 605 54 25 294.
436 596 104 32 allaeque
557 593 136 23 innumerae
709 588 142 28 relationes,
872 585 61 32 apud
947 585 89 24 Salmu-

82 642 81 27 thum,
181 639 127 26 Amatum,
322 634 117 25 Plateram
451 629 38 33 qui
499 626 27 26 '&
537 623 183 28 afcaridiformes
738 629 53 17 cum
808 619 123 27 Tumbricis
942 625 29 18 ex
986 625 51 17 um-

84 675 65 24 bilici
166 673 77 24 ulcere
249 670 81 28 .vidit,
346 666 26 24 &
381 660 213 34 Norimbergenfes
606 658 39 32 qui
663 664 52 17 cum
733 654 120 26 lumbrieis
867 653 71 25 etiam
955 659 83 17 cucur-

84 707 89 25 bitinos
187 703 99 25 fundens
300 701 64 24 ulcus
375 701 152 20 notaverunt.
563 691 49 31 Ipfe
628 697 93 25 quoque
739 688 99 31 innoxie,
851 686 80 25 militis
942 684 100 32 inguina

84 737 128 36 perforaffe
230 735 48 24 fcio
291 751 6 11 ,
320 732 95 29 vidigue
430 726 116 26 uleufeulo
563 724 102 31 inguinis
693 720 93 24 feminae
808 719 83 23 exiiffe
899 717 101 24 Berolini
1014 717 26 22 in

85 768 160 29 Nofocomio.
261 765 98 25 Talibus
372 762 115 23 ulceribus
503 758 71 23 etiam
587 757 22 23 in
622 755 44 24 alia
680 752 89 25 vifcera
780 750 151 28 deferunur,
948 749 34 23 uti
999 748 42 24 lie=

85 804 92 26 nalibus
195 798 131 32 Andryanis
343 794 92 24 videtur
450 788 111 27 accidiffe
572 804 8 12 ,
601 788 71 28 inque
683 783 100 24 veficam
794 789 43 23 per
850 781 84 23 fiftulas
950 780 92 24 delatos

86 836 144 30 wrethraque.
246 830 107 26 redditos
369 826 90 25 habent
476 819 115 35 Alghifius
609 817 62 33 apud
686 816 86 24 Valisn.
790 812 53 26 dell
859 812 71 33 ovaja
948 810 47 28 &c.
1014 810 28 28 &

86 872 108 24 Naturae
206 864 143 26 curioforum
365 859 125 33 Ephemer.
509 856 67 23 Cent.
591 861 20 16 1.
627 859 21 17 2.
661 859 22 23 P-
700 851 54 29 365.

120 903 45 23 His
177 907 61 17 munc
249 894 209 27 ftimularionibus,
482 886 154 29 erofionibus,
658 880 189 37 perruptionibus
863 879 115 26 horrenda
995 879 48 24 fae-
1062 902 4 3 .

88 943 34 25 pe
140 934 156 32 fymptomata
315 928 88 24 miferis
419 924 77 33 aegris
516 920 111 36 inferunr.
662 917 70 24 Talia
752 915 52 24 funt
824 915 103 23 vomitus
950 914 10 31 (
972 914 72 23 inter-

89 969 57 24 dum
158 970 126 22 eruentus,
306 960 100 32 Volpin;
424 963 72 26 opere
512 953 67 25 Med.
596 951 107 34 pratiche
720 958 23 23 p.
758 947 55 33 12.)
835 946 141 32 cardialgia,
992 945 54 31 fyn-

91 1006 73 26 eope;
188 996 124 33 fingukus;
336 993 100 24 tormina
448 1008 7 10 ,
481 986 116 33 fanguinis
616 985 76 25 luxus
710 984 29 22 ab
765 981 63 25 erofa
848 979 83 25 villofa
955 978 12 31 (
978 978 67 22 Heu-

91 1033 59 26 cher
171 1032 30 24 de
217 1036 62 19 anat.
299 1025 116 35 pradtica,
432 1030 78 24 operr.
530 1020 31 23 T.
578 1017 38 33 1.)
642 1014 162 26 convulfiones
814 1028 9 12 ,
845 1009 136 31 epilepfiae,
999 1015 48 17 ma-

92 1067 71 25 niae,
185 1063 116 23 amentiae
316 1076 6 10 ,
341 1058 88 28 oblivio
440 1073 8 11 ,
466 1053 102 25 caecitas
578 1068 11 12 „
602 1047 104 34 aphonia
716 1063 6 10 ,
741 1044 11 30 (
761 1044 90 24 Bened.
866 1043 26 22 L.
904 1040 144 26 V.c.XV.

91 1098 39 32 qui
142 1094 118 26 edtiduam
272 1088 80 36 eje&tis
363 1097 32 22 40
409 1086 123 26 Inmbrieis
539 1088 102 19 curataın
660 1077 78 31 vidir)
754 1075 80 24 choria
851 1075 25 23 $.
889 1073 67 31 Viti,
975 1073 75 33 (Ad

93 1128 69 28 Med.
179 1125 73 26 Berol.
272 1124 30 23 D.
315 1124 15 22 L'
350 1123 46 23 vol.
411 1121 27 23 II.
457 1127 24 23 p.
493 1124 39 23 54-
550 1114 46 24 vol.
610 1112 43 23 IV.
671 1118 22 23 p.
707 1111 39 28 69.
764 1107 70 25 Mife.
854 1114 48 18 cur.
922 1108 63 24 Ann.
1001 1107 49 25 IV.

95 1164 32 24 D.
141 1159 56 33 IT}
214 1157 131 29 lerhargus,
364 1154 118 30 (Bonner.
498 1154 61 20 anat.
578 1145 75 31 pr_S.
664 1143 42 24 Il.
724 1143 49 24 obf.
790 1148 39 23 42.
851 1141 40 32 qui
906 1141 23 25 in
941 1141 113 25 duodeno

93 1195 93 34 puellae
197 1196 119 26 repertum
331 1185 137 25 umbricum
485 1189 42 24 pro
538 1179 66 25 caufa
619 1177 84 29 habet,
726 1174 196 34 quemadmodum
938 1183 13 15 a
963 1173 87 24 vermi-

94 1229 58 24 eulis
166 1229 22 22 in
204 1223 78 27 cardia
295 1227 70 18 canes
377 1218 86 24 fomno.
472 1214 78 32 perire
564 1212 98 32 legimus
673 1210 23 25 in
709 1210 56 24 Phil.
781 1216 69 17 trans.
862 1205 106 32 n.rgr.)
984 1211 67 17 moe-

96 1261 121 27 fitia,cet.
224 1262 96 27 quorum
328 1253 110 32 pleraque
445 1255 69 17 recen
520 1246 34 24 fer
563 1244 26 31 $.
593 1245 61 23 Allen
662 1246 22 22 in
694 1244 54 32 Syn.
757 1242 67 26 Med.
833 1239 118 25 Pr.C.Vl.
960 1242 43 18 art.
1011 1238 41 24 82.

96 1297 42 26 $5.
154 1291 63 32 apud
229 1295 69 26 quem
319 1287 71 25 etiam
406 1281 125 26 coecitatis
549 1285 42 25 per
607 1278 106 30 Spasmos
728 1272 160 40 yerminofos.,
906 1268 26 25 &
942 1268 108 26 obmute-

96 1325 104 26 fentiae
218 1330 54 16 cum
290 1320 66 24 febre
375 1315 130 27 acutiflima
514 1331 9 12 ,
545 1313 23 22 in
585 1311 83 31 puellis
683 1307 110 32 exeinpla
803 1303 99 25 exftant.
920 1302 146 33 Lethargus,

98 1365 55 20 cum
173 1355 88 24 deliriis
279 1352 55 33 poft,
346 1353 115 30 fpasmum
478 1349 110 30 ingruens
600 1362 6 10 ,„
628 1342 25 24 &
665 1340 109 34 hyfterici
791 1336 68 25 multi
873 1333 115 34 affe&tüs,
1003 1330 63 38 ple-

98 1396 101 25 zumque
215 1388 24 22 ni
257 1387 89 29 femper
363 1384 29 24 ad
406 1387 93 20 vermes
510 1375 116 28 referendi
642 1375 59 24 funt.
736 1372 86 24 Febres
833 1375 93 25 quoque
937 1369 117 24 intermit-

99 1429 78 21 tentes
189 1419 107 32 peflimas
308 1418 124 26 excitant,
447 1411 104 27 Panarol.
570 1415 92 25 pentee.
678 1408 18 23 1.
706 1413 39 22 4t.
763 1401 126 31 Volpimil.
905 1409 20 17 c.
949 1402 73 25 acutis
1033 1400 27 25 fe

100 1457 90 27 addunt
200 1451 39 26 vel
253 1457 25 18 ur
291 1449 80 26 caufae
385 1448 37 24 vel
438 1453 25 17 ut
475 1447 154 29 fymptomata
637 1448 7 21 ;
658 1440 31 24 fic
702 1434 148 37 pleuritidem
865 1436 111 30 anginam
986 1435 70 32 phre-

99 1490 104 28 nitidem
224 1480 217 39 paraphrenitidem
452 1496 10 14 ,
482 1477 28 27 &
525 1484 30 18 ex
576 1473 117 27 chronicis
714 1469 99 33 idterum
834 1474 71 27 atque
924 1467 136 35 hydropem

944 1512 4 8 !
1004 1504 58 20 cum
