1192 1608
30 21 13 11 a

88 105 31 39 ko
216 89 419 44 DISSERTATIO
683 88 235 30 MEDICA

956 122 5 14 ‘

128 153 68 12 no.

91 163 130 35 durat.‘40.
256 162 105 27 Similem
376 167 41 25 per
430 156 87 27 emefin
534 154 101 33 ejeftum
647 160 13 16 a
674 150 86 25 ruftica
775 148 99 31 legimus
884 146 61 34 apud
958 144 88 27 Schen-

92 204 71 25 kium‘
174 200 45 25 Lib
232 198 42 24 III.
293 196 29 23 de
337 194 83 24 lumbr.
432 190 72 25 vefic.
517 188 75 26 concl.
610 186 48 25 obf.
671 185 31 22 I.

102 233 2 12 :
126 238 37 22 6,‘
169 233 99 24 TaENtA
280 232 161 20 HYDATOIDEA
633 216 6 7 °
978 216 79 18 oo

99 264 6 7 *
127 266 132 26 Lumbricus
276 262 125 32 hydropicus
416 256 90 33 Tyfonis
524 254 59 24 Phil.
596 249 76 33 Tranf.
691 256 22 16 n.
731 253 54 24 193.
802 251 22 26 P-
839 245 55 28 506.
906 244 47 29 Jeq.

129 298 97 25 Habitat
239 297 23 23 in
272 292 108 27 cellulofo
393 289 75 26 tra&tu
483 288 119 24 variorum
617 280 157 29 animantium
785 297 7 12 ,
808 276 136 35 praefertim
959 274 40 25 fub
1010 282 43 23 pe-

96 331 103 28 ritonaei
213 329 136 25 membrana
355 342 8 13 ‚
368 325 82 30 ingue
462 320 64 25 cavis
538 317 188 27 ventrium.

129 364 76 33 Defer.
223 359 168 37 Corpufeulum
404 356 130 28 oblongum
545 370 7 11 ,
570 352 77 24 album
657 367 7 11 ,
683 344 147 28 transverfim
844 343 109 33 rugofum
965 360 7 11 ,
989 344 62 20 atte-

98 391 258 34 nuatum:"in’apicem
371 385 184 29 obtufiusculum
570 382 141 25 retraltilem
723 399 6 11 ,
746 386 62 26 pone
826 378 24 24 in
866 377 87 24 bullam
970 373 84 32 fphae-

98 432 73 34 ricam
188 436 30 17 ex
241 426 137 25 membrana
398 419 129 27 tenerrima
546 414 78 27 albido
631 428 7 5 -
645 414 135 33 pellucente
792 429 6 12 ,
817 415 97 25 corpore
933 406 122 25 multoties

100 463 140 32 ämpliorem
256 458 134 33 expanfum.

134 494 100 26 Taeniis
245 487 202 29 adnamerandum
464 483 94 26 videtur
569 481 45 26 hoc
625 481 119 25 inauditae
755 475 128 25 ftru&turae
897 473 85 23 animal
990 490 8 11 ,
1006 473 50 23 bul-

99 531 47 24 lam
155 527 126 25 maximam
290 529 73 25 aquae
373 520 93 31 plenam
479 516 95 24 trahens
581 515 76 32 ;quod
667 519 55 18 ante
728 507 104 34 Tyfonis
839 505 109 25 eximiam
955 505 102 30 diligen-

101 563 58 24 tiam
173 561 29 23 ab
218 555 113 33 hydatide
347 551 97 25 differre
455 556 72 18 nemo
542 548 165 25 fomniaverat.
716 543 48 24 Hic
777 540 88 32 primus
877 543 49 18 tum
936 536 31 24 ob
980 536 77 32 dupli-

103 591 53 37 ccm
166 588 151 37 quarumdam
330 584 138 35 hydatidum
483 582 159 25 membranam
650 596 7 11 ,
667 576 185 28 interioremgue
863 570 153 32 undequaque
1028 569 30 24 ab

102 627 66 26 Omni
184 631 63 18 nexu
257 630 52 17 cum
319 626 97 20 externa
425 618 106 27 liberam,
538 621 50 20 tum
599 613 30 24 ob
639 610 77 26 eidem
725 607 166 26 adhaerentem
899 602 160 33 pedunculum

102 656 88 31 vermis
202 656 104 26 habitum
319 652 145 26 referentem
473 667 8 13 ,
488 650 128 29 vivumque
628 645 40 24 has
681 642 73 26 bullas
766 640 29 25 ad
806 638 133 26 viventium
950 636 63 25 intra
1024 635 37 24 vi-

103 693 83 26 ventia
196 696 122 19 numerum
328 683 137 28 refefendas
479 682 46 25 effe
539 680 74 25 duxit.
633 679 128 23 Invenerat
778 673 58 25 tales
853 672 76 32 primo
941 670 23 24 in
979 666 83 27 ovium

104 724 162 28 morboforum
275 718 230 34 hydropicorumque
513 712 143 26 cadaveribus
659 710 58 30 ‚in
726 708 51 24 aliis
788 706 88 24 deinde
886 702 139 26 animalibus
1036 700 26 24 &

105 759 87 29 denique
195 756 42 23 in
249 752 137 26 diffe&tione
395 749 109 24 Gazellae
518 744 162 33 magnitudine
692 741 40 24 oui
744 738 144 27 columbini,
907 736 156 24 adhaerentes

105 796 100 20 omento
214 805 6 10 ,
230 786 24 23 &
261 785 139 31 peritönaeo
409 780 97 23 inclufas
521 777 100 23 maxime
635 776 62 22 inter
706 771 101 24 veficam
819 768 25 24 &
856 768 94 24 retum.
958 767 104 30 Adelly-

107 822 66 27 chnii
184 819 102 31 calorem
301 821 79 19 earum
388 809 164 34 corpusculum
560 824 7 12 ‚
575 805 82 32 (cujus
670 801 147 33 fuperficiem
824 799 147 31 granulofam
978 798 46 22 effe
1030 798 35 22 di-

108 856 62 33 dir)‘
177 850 92 29 moveri
286 849 69 30 vidit;
363 846 84 32 eafque
460 844 30 24 ab
506 838 150 36 hydatidibus
666 835 134 26 ovariorum
811 830 150 27 muliebrium
975 828 26 27 &
1014 829 51 25 aliis

107 887 85 36 quibus
205 884 143 34 pedunculus
359 879 64 26 abeit
437 873 174 35 dittinguendas
623 870 47 26 effe
680 869 98 26 cenfuit.
787 866 46 26 Sed
845 864 123 27 invenit&
975 863 91 26 Redius

108 923 62 25 inter
176 918 87 33 duplex
270 917 163 31 peritonaeum
444 912 23 23 in
478 908 139 35 mefgnterio
628 904 87 33 leporis
733 903 99 24 latentes
843 898 124 33 hydatides
978 896 89 25 lucidas

110 955 116 30 öblongas
235 947 216 28 candidoacumine
461 939 201 32 fivetcorpufeulo
668 935 120 28 inftruätas
797 942 6 21 ;
811 933 130 31 fimilesque
949 931 40 24 füb
1004 929 63 32 peri-

110 991 89 22 tonaeo
212 982 109 27 inteftina
334 979 146 26 obvolvente
491 980 40 20 aut
543 981 72 24 vagas
626 972 118 24 alvicavo
755 967 114 25 maximas
880 971 79 18 autem
976 962 93 31 hepatis

111 1020 136 26 inembrana
258 1015 25 25 &
294 1006 306 41 parenchymate]inclufas,
606 1011 24 17 at
636 1002 90 26 variam
741 1001 86 23 ceteris
834 995 163 32 magnitudinem
1000 994 68 23 fe-

113 1057 55 21 inen
178 1050 100 32 peponis
291 1054 76 17 tamen
380 1051 47 18 non
441 1042 99 25 multum
553 1038 157 26 excedentem
721 1030 67 25 fuiffe
800 1034 89 30 narrat,
897 1026 88 32 Opufe.
996 1026 73 26 Tom.

114 1085 45 25 III.
179 1090 23 24 p.
216 1082 46 29 196
280 1079 44 31 feq.
344 1077 111 31 Ejusdem
470 1078 98 20 naturae
578 1071 51 22 funt
639 1072 57 26 quas
706 1064 33 23 ait
751 1064 126 22 Stenonius
889 1060 23 23 in
927 1059 143 24 Rhenonum

115 1118 26 26 &
154 1120 122 21 cervorum
288 1110 101 25 omentis
405 1106 134 27 abundare,
559 1100 78 25 Attor.
655 1096 77 25 Hafn.
748 1094 48 25 vol.
809 1094 19 23 I.
848 1099 52 24 135.
917 1093 70 24 Schol.
1004 1099 67 24 quas-

130 1158 30 17 ne
172 1145 119 28 Harderus
304 1144 23 22 in
341 1141 101 32 Epiploo
457 1135 90 28 hionuli
560 1133 77 24 fubito
649 1127 98 27 extin&ti
768 1126 89 31 reperit
870 1144 6 11 ,
892 1133 97 25 quarum
1012 1131 59 17 non-

116 1184 73 25 nullas
203 1181 23 24 in
237 1178 51 32 ejus
300 1175 148 31 duplicatura
461 1172 73 23 libere
546 1162 130 30 Auftuaffe,
689 1167 128 25 omnesque
829 1159 112 33 liguorem
956 1165 47 17 non
1017 1165 55 16 coa-

115 1214 128 37 gulabilem
259 1205 140 31 continuiffe
405 1204 77 38 dicit,
500 1201 91 38 obferv.
607 1197 66 37 XI.
708 1196 39 24 Sic
759 1195 73 24 etiam
843 1193 100 31 Peyerus
963 1198 29 16 ex
1009 1197 65 17 vena

116 1254 120 28 portarum
249 1242 66 35 porci
326 1238 95 27 madtati
436 1233 137 35 hydatidem
585 1229 153 25 molliffimam
746 1246 7 12 ,
770 1225 201 35 pellucidifimam
983 1239 7 10 ,
1007 1229 67 25 mag-

117 1280 107 27 niiudine
237 1275 137 34 amygdalae
390 1271 24 25 &
431 1269 64 26 flavo
512 1263 118 33 craffoque
649 1262 102 33 veftigio
765 1261 59 24 milii
839 1262 98 26 granum
956 1253 119 27 referente

117 1319 107 19 notatam
237 1307 109 35 prodiiffe
359 1305 75 29 vidit,
451 1301 71 26 Mife.
539 1303 47 19 nat.
603 1298 54 23 Cur.
676 1296 63 25 D.L,
758 1294 30 23 A.
800 1291 57 24 VI
870 1287 50 24 obf.
931 1289 56 23 206.
1023 1289 52 23 Ve-

116 1352 52 17 rum
185 1344 29 22 ab
229 1343 36 23 his
276 1340 107 25 omnibus
399 1344 44 24 pro
459 1331 109 27 animatis
581 1330 95 30 agnitae
694 1335 49 17 non
761 1325 73 24 fuere.
868 1319 101 32 Tyfonis
985 1321 90 25 deinde

117 1380 125 24 inventum
256 1374 159 23 Hartmannus
430 1362 151 30 confirmavit
593 1361 103 32 illadque
712 1360 23 23 in
747 1355 72 26 Mife.
831 1360 48 17 cur.
894 1353 31 24 D.
941 1355 30 23 if.
990 1353 84 24 A.IV.

117 1409 49 27 obf.
181 1414 38 24 73.
238 1405 50 24 fufe
301 1404 137 32 profecutus
452 1399 41 24 eft:
527 1395 94 24 Invenit
637 1393 126 25 lumbricos
774 1386 142 35 hydropicos
932 1388 101 31 primum
1052 1386 25 23 in

118 1447 102 29 capreae
231 1438 72 24 afcite
319 1441 106 19 mortuae
436 1436 98 32 omento
546 1434 78 17 mäcro
636 1425 133 26 tenuiffimo
782 1440 6 11 ,
808 1420 127 32 majoribus
955 1420 67 24 venis
1039 1419 35 22 vi-

118 1479 80 28 cinos,
216 1473 61 25 intra
290 1469 66 26 folles
368 1474 28 18 ex
408 1469 140 30 peritonaeo
560 1459 80 27 fatos,
674 1460 28 23 In
714 1464 30 19 eo
755 1455 132 37 cadavere,
905 1454 126 26 lumbricos
1042 1451 34 23 bi-

1030 1490 45 18 nos
