1184 1608
1030 11 44 7 FIT

319 125 570 28 INAUGURALIS
1054 134 44 30 zy

128 193 30 19 ex
173 185 65 25 varia
252 184 151 33 difpofitione
415 187 129 31 primarum
560 187 90 25 viarum
666 186 136 32 viriumque
812 189 65 24 vitae
895 187 24 25 in
935 187 154 33 animalibus;

127 227 45 24 qua
184 218 49 33 ipfa
244 218 98 34 aliisque
353 219 104 25 fortuitis
476 219 89 25 cafibus
583 228 41 24 per
636 226 35 18 tot
690 221 168 32 generationes
875 221 138 30 hominum,,
1031 222 56 25 hae-

126 250 138 27 reditarium
274 252 65 30 illum
348 254 107 23 morbum
463 253 80 30 paffim
554 252 142 25 intercidiffe
709 253 99 24 diceres.
822 255 34 22 Ita
870 262 94 25 quoque
975 254 111 32 calculus,

126 291 50 19 non
191 285 24 24 in
232 286 109 24 Omnibus
354 291 140 26 generatur,
512 287 107 30 quamvis
632 286 104 32 pluribus
748 285 117 32 principia
880 286 26 24 &
923 287 99 26 ftamina
1036 288 51 32 ejus

126 318 94 25 abunde
232 317 76 25 infint.
327 318 90 24 Nonne
432 325 29 18 ex
473 318 47 25 hoc
535 319 52 24 vitii
597 321 129 30 primarum
737 319 92 24 viarum
841 319 129 31 praefidio,
983 321 104 25 endemi-

127 359 39 16 am
177 350 108 24 Taeniae
304 350 156 32 frequentiam
477 351 143 31 deduceres;
636 353 31 23 Et
681 351 102 31 denique
794 358 85 25 quotus
893 353 84 31 quaefo
991 355 104 31 quisque-

126 383 35 25 eft
183 382 40 32 qui
244 390 48 17 non
314 383 70 25 femel
401 383 25 26 in
449 384 51 25 vita
518 384 138 26 lumbrieum
678 385 24 24 in
725 384 128 25 vifceribus
880 385 85 24 aluerit
978 386 12 23 ?
1023 387 65 34 Quid

127 415 63 33 quod
203 415 104 25 Ernftius
320 417 30 25 de
362 416 168 26 Bafileenfibus
543 418 47 24 fuis
598 417 113 30 afirmat,
723 417 119 25 deeimum
854 417 51 25 fere
918 425 117 25 quemque
1047 425 40 19 cu-

126 448 120 25 eurbitina
255 449 93 25 Taenia
361 449 105 25 infeftari
475 448 58 26 Diff:
544 450 20 33 $.
574 458 21 26 3.
612 451 240 31 Videtur‘praeterea
869 449 96 26 humida
976 452 59 24 aeris
1052 453 34 24 fo-

126 481 64 33 lique
202 482 128 32 temperies
343 483 121 25 laxitatem
480 489 70 26 atque
562 483 136 25 cachexiam
712 483 114 26 inducere
839 484 139 32 corporibus
990 502 9 12 ,
1017 493 70 24 quam

126 515 109 23 vermibus
238 515 105 24 favere
357 524 47 15 non
416 515 106 23 diflimile
539 523 57 16 vero
613 515 50 30 eft;
680 522 66 18 certe
764 518 78 22 minus
856 517 144 31 paradoxum
1016 526 71 23 quam

126 545 125 26 invifibilia
271 555 82 17 eorum
372 547 98 25 flamina
486 547 46 25 aöri
552 553 39 19 aut
609 549 119 31 potandae
746 555 75 26 aquae
837 549 108 25 innatare
956 566 9 14 ,
983 556 39 18 aut
1033 557 55 19 cum

127 578 74 25 cotis
216 586 70 26 atque
298 581 102 25 conditis
416 581 60 24 cibis
490 588 29 17 ex
534 581 139 32 aquatilibus
689 580 88 25 aflumi.

159 611 94 25 Fruftra
263 613 72 24 etiam
346 620 115 25 quaerunt
463 621 52 15 cur
532 615 23 21 in
572 612 142 33 diverfiffima
729 618 73 20 aetate
819 613 65 25 iidem
893 613 69 33 Jaepe
975 615 113 32 obferven-

127 648 37 19 tur
179 651 85 17 vermes
289 644 28 27 ES
334 646 120 30 quandoque
472 647 23 21 in
509 646 101 30 provellia
631 646 85 24 demum
738 652 120 26 appareant
868 655 10 21 ;
906 653 41 18 aut
961 656 38 16 cur
1011 651 80 30 'magis

126 677 124 23 verminent
268 676 100 32 infantes
385 678 37 23 ubi
439 678 55 23 cibis
511 679 70 23 varüis
597 679 33 23 uti
647 684 127 25 coeperumt,
791 686 62 23 quam
861 680 44 30 qui
914 680 47 31 Jolo
978 681 53 24 laßte
1048 690 40 16 nus

128 710 104 23 triuntur.
251 708 99 26 Taenia’
360 709 91 26 latuiffe
466 709 76 32 poteft
556 711 111 31 quamdiu
678 711 62 24 nulla
752 711 98 25 inimica
860 711 93 26 faburra
967 713 104 26 laceffita
1078 733 13 13 ,

127 748 68 25 parte
206 741 62 32 chyli
279 749 69 25 quam
361 742 62 33 julte
434 742 116 32 copiofius
563 744 27 23 ab
603 743 98 25 homine
713 743 101 26 famtum
825 744 137 25 alimentum
977 746 110 33 fuppedi-

128 779 36 25 tgt
176 775 101 25 nutritur
286 784 7 22 ;
310 777 86 25 robore
411 783 79 18 antem
505 775 163 26 inteftinorum
686 784 30 18 ne
729 777 99 25 nimium
845 778 119 25 increfear
981 779 109 26 fruftilla-

127 807 45 26 tim
184 809 125 31 expellitur
318 818 8 21 ;
342 810 92 26 leviora
445 811 156 32 fymptomata
612 811 24 24 in
648 810 118 26 Taeniam
776 811 70 32 faepe
857 819 71 17 nemo
939 812 106 30 confert,
1062 813 27 25 &

128 841 29 23 ad
168 841 135 27 fecedentia
317 843 98 24 fubinde
432 843 139 25 frufta,raro
588 843 141 23 adtenditur.
767 844 117 23 Videmus
901 852 30 16 ex
949 846 142 25 änimalibus

127 870 116 35 fanifima
254 880 106 25 quaeque
371 880 101 24 corpora
485 880 74 24 parvo
578 874 37 23 vel
630 873 64 24 nullo
708 874 157 24 incommodo
877 876 119 24 Taeniam
1015 879 73 26 alere.

127 904 83 32 Iraque
220 904 53 25 fieri
283 906 89 31 poterit
383 912 25 18 ut
420 905 153 25 confenescat
584 906 22 24 in
615 905 95 26 homine
717 907 98 32 cafuque
826 907 165 27 manifeftetur
998 911 24 24 in
1033 919 56 25 pro-

126 936 102 26 vettiori
240 944 96 25 aetate,
354 939 39 24 cui
409 946 52 17 eam
475 937 73 26 ineffe
559 946 71 17 nemo
642 939 138 25 fomniabat,

161 970 126 25 Habemus
305 978 77 19 autem
400 979 47 18 non
465 979 88 25 paucas
571 971 24 25 &
617 972 144 33 graviffimas
783 973 178 28 obfervationes
973 993 9 12 ,
1004 978 85 31 quibus

126 1003 115 27 eonnafei
258 1006 68 24 nobis
342 1013 93 18 vermes
459 1005 129 25 edocemur
601 1014 6 21 ;
625 1013 144 25 quarumgue
787 1008 73 24 robur
875 1008 83 25 fruftra
979 1009 112 26 fübruere

127 1044 118 18 conantur
255 1040 40 30 qui
306 1046 124 25 opponunt
442 1039 131 32 Spigelium
590 1046 31 16 ex
638 1046 41 17 ore
697 1039 90 32 aliquot
802 1040 152 26 obftetrieum
972 1044 119 24 contraria

128 1068 163 25 affirmantem.
326 1072 32 23 Et
368 1072 124 24 fatendum
505 1071 92 31 infuper
610 1070 32 25 eft
656 1071 71 32 longe
742 1073 73 23 rarius
832 1072 24 25 in
874 1081 59 24 aqua
949 1074 74 25 vifam
1040 1075 50 25 ee

128 1100 131 30 Taeniam,
277 1103 41 24 ubi
332 1110 80 19 tamen
424 1104 116 32 copiofius
553 1104 98 32 reperiri
662 1103 129 31 debuifler,
810 1113 68 24 quam
890 1107 24 24 in
928 1107 69 25 foetu
1010 1115 39 17 aut
1063 1108 24 24 in

127 1132 151 37 lattentibus.
313 1136 97 25 Fa&tum
422 1137 47 24 hoc
479 1137 89 31 oppido
589 1145 75 17 rarım
682 1138 77 30 primo
774 1138 106 25 innotuit
891 1140 142 32 Hippocrati
1048 1146 44 19 aut

129 1172 119 26 quicunque
250 1167 63 25 ille
324 1169 45 25 fuic
382 1172 66 31 cujus
458 1169 92 25 exftant
560 1171 64 24 Libri
643 1170 45 25 IV.
703 1170 30 24 de
750 1172 95 24 morbis.
882 1173 79 32 llujus
976 1173 111 24 decanta.

128 1198 112 25 tifimum
253 1199 110 27 affertam
374 1202 86 26 deinde
473 1202 150 26 confirmavit
640 1203 103 24 Dolaeus
753 1203 29 25 de
795 1204 84 25 infant.
890 1206 76 24 morb.
980 1206 53 23 Lib.
1042 1206 38 24 VL
1078 1220 34 13 -

128 1239 53 25 cap.
196 1240 37 17 10.
252 1232 51 26 vifo
315 1234 24 24 in
350 1234 69 25 foetu
430 1235 51 32 poft
492 1241 94 26 partum
598 1242 95 18 mortuo
704 1238 117 23 vermiem
831 1238 89 31 glomo.
956 1237 55 25 Poft
1023 1238 67 26 hune

128 1267 105 24 narravit
248 1266 160 26 Hartmannus
417 1269 72 24 Mife.
506 1275 48 17 nat.
565 1269 52 23 Cur.
635 1269 31 24 D:
680 1270 16 22 I.
718 1269 30 24 A.
760 1269 45 24 VI.
821 1268 25 25 &
857 1269 58 24 VII.
933 1270 47 25 obf.
996 1273 53 28 189.
1062 1272 27 25 in

129 1296 125 27 ovinorum
270 1300 108 25 foetuum
393 1307 67 18 utero
474 1299 78 26 adliuc
563 1302 161 24 concluforum
741 1301 87 31 hepate
842 1303 143 24 verminium
1007 1311 82 25 reper-

129 1332 50 32 zum
181 1329 87 26 fuifle,
303 1334 37 24 Ex
352 1333 135 26 lattentium
501 1341 78 17 antem
591 1334 126 24 vitulorum
731 1333 119 25 inteflinis
867 1335 148 26 Valisnerius
1028 1337 60 25 Jum-

128 1359 80 37 bricos
218 1367 109 24 extraxit.
345 1368 77 25 Divus
437 1368 155 24 BRENDELIVS
605 1367 147 25 auditoribus
764 1374 95 18 narrare
869 1367 88 26 folebat
969 1369 23 25 fe
1002 1370 24 25 in
1038 1370 50 25 foe-

128 1397 38 18 tus
177 1400 125 30 Immaturo
314 1408 68 23 partu
404 1400 59 26 editi
482 1399 115 26 inteflinis
614 1400 108 25 tenuibus
737 1400 200 26 lumbricellorum
955 1403 134 32 glomerem

129 1425 126 37 reperiffe,
271 1437 69 23 guem
358 1434 71 24 etiam
443 1435 25 23 in
479 1440 138 26 praeparato
631 1432 137 26 aflervabat.
805 1434 70 25 Haec
886 1436 85 24 fummi
986 1437 45 23 viri
1051 1444 36 16 re-

128 1458 131 26 eentiflima
268 1462 137 28 obfervatio
416 1474 113 25 magnum
539 1466 116 32 prioribus
670 1466 66 25 addit
749 1467 101 31 pondus:
886 1469 57 24 Huc
959 1469 65 23 erian
1022 1470 66 22 vi-

128 1490 100 32 deretur
239 1496 121 30 pertinere
371 1498 108 33 hiftoria,
497 1498 17 27 fi
525 1499 72 26 modo
609 1498 48 60 sea
668 1518 7 11 ‚
694 1500 63 32 apud
769 1500 73 34 Stalp.
854 1509 46 19 van
911 1502 42 25 der
960 1501 65 26 Wiel
1040 1502 50 24 vol

657 1540 16 18 2
1057 1535 34 25 u,

1111 1346 24 28 A
