1192 1608
342 79 574 33 INAUGURALILS
1079 99 29 27 13

146 137 59 29 malis
221 144 105 27 repertos
342 140 97 25 tradunt
458 140 170 26 obfervatores.
670 143 40 24 Sic
726 143 43 25 Ido
785 144 103 28 Wolfus
905 148 23 24 in
949 148 67 25 Ob.
1039 150 64 26 Chir.

146 173 69 25 Med.
233 172 27 23 L.
275 172 28 24 II.
322 174 49 24 obf.
386 174 45 24 IV.
454 173 72 25 habet
543 175 77 23 cafum
636 182 146 24 repertarum
803 181 137 31 agminatim
960 182 145 27 afcaridella-

146 213 51 15 rum
212 205 61 25 inter
285 207 91 24 tunicas
394 207 140 29 ventriculi,
557 208 23 23 in
596 209 93 29 proprio
702 209 25 24 &
743 212 97 30 angufto
856 213 113 26 folliculo.
1004 215 36 24 Ex
1057 225 48 17 ano

146 237 70 32 faepe
227 239 83 31 fponte
322 240 131 31 prodeunt,
470 240 102 23 docente
586 240 108 24 Fernelio
703 241 91 25 Pathol.
812 245 53 24 Lib.
875 247 44 23 VI.
937 255 19 16 c.
973 256 37 17 10.
1030 247 74 26 &Fa-

145 270 77 26 bricio
234 272 23 24 in
270 272 58 24 Diff.
347 272 29 24 de
394 271 143 25 afcaridibus
553 271 26 25 &
595 272 119 26 lumbricis
728 274 66 29 latis,
812 277 40 23 ubi
864 279 72 24 refert
952 288 39 17 eas
1006 282 97 31 quadra-

145 304 125 30 genarium
280 312 41 22 per
332 305 83 23 decem
430 311 62 16 annos
494 303 151 31 infeftaffe,
654 305 25 25 &
692 314 81 16 eorum
785 307 68 33 faepe
867 310 181 29 innumerabiles
1061 323 43 17 no-

145 336 38 24 de
199 343 85 25 greges
298 344 44 16 ano
357 336 62 24 elabi
437 336 151 25 obfervatum
601 338 75 25 fuıffe.
712 341 26 23 In
753 341 79 24 ulcere
845 342 29 25 ad
891 350 71 18 anum
977 354 126 19 externum

143 369 120 24 infantulo
279 368 123 32 epilepfiae
414 370 67 24 caufa
490 369 80 31 fuere,
582 371 94 25 Schenk
693 373 54 24 Lib.
762 375 40 22 Il.
821 375 84 25 deafe.
923 377 49 24 obf.
984 385 21 17 2.

176 402 27 23 In
216 402 119 32 globelum
355 402 83 25 durum
457 403 135 32 compaltos
610 413 30 16 ex
657 414 73 22 puero
743 407 88 25 bimulo
842 409 87 25 habent
941 410 60 25 Adta
1017 413 84 24 curiof.

142 433 48 24 vol.
202 435 28 24 X.
247 442 54 23 204.
320 435 53 32 Ege
384 435 138 33 frequentes
534 437 39 24 fed
589 437 107 25 humanis
714 440 119 32 minores,
854 443 24 24 in
892 451 109 18 ranarum
1013 445 90 26 intelli-

142 467 36 24 nis
191 466 25 25 &
228 467 154 26 effarcientes
394 470 137 30 pulmonem
542 470 114 24 Lacertae
670 474 115 29 aguaricae
803 476 67 23 cauda
885 479 107 30 ancipiti,
1014 480 87 30 reperi.

154 506 6 4 *
174 500 72 24 Ortus
259 501 130 25 afcaridum
402 503 101 23 maxime
517 503 83 24 dubius
611 503 45 24 eft:
675 505 120 25 Linnaeus
811 510 135 25 vermichlıs
962 511 139 30 paluftribus

141 531 27 25 &
180 533 128 24 vernalium
323 535 131 29 plantarum
466 535 91 23 radices
569 535 165 26 infeltantibus
747 540 185 32 confanguineos
947 549 74 24 putat.
1030 543 70 25 Krat-

139 564 141 31 zenfteinius
297 566 58 32 (von
368 567 37 24 der
414 567 134 31 Erzeugung
560 568 36 22 der
607 568 105 24 Würmer
719 569 24 32 ,)
760 578 31 16 ex
803 570 76 27 ovulis
890 574 168 32 mufeillarum,
1075 577 27 24 in

140 598 87 22 cloacis
238 599 161 23 cundtantium
415 607 45 15 ano
472 598 26 24 &
510 600 108 22 urethrae
634 600 104 23 immiffis
751 609 63 17 ortos
826 611 81 22 putat;
924 607 38 23 fed
975 608 80 24 nefcio
1069 617 31 16 an

139 628 40 23 hic
190 629 72 22 etiam
274 636 64 15 ortus
350 630 47 21 diei
409 630 67 29 poflit
490 629 128 23 afcaridum
634 631 23 22 in
671 631 97 29 offibus,
791 634 148 30 pulmonibus
950 638 25 23 &
990 640 109 26 medullis

138 662 153 30 tepertorum.
326 660 70 24 Certe
407 660 178 25 obfervationes
595 662 64 37 circa
674 662 134 34 afcarides,,
826 668 69 32 faepe
912 670 57 24 alios
982 673 115 24 vermicu-

137 693 35 25 los
186 693 118 32 etiamque
315 693 132 25 mufcarum
458 694 98 25 larvulas
567 702 53 17 cum
632 696 29 24 iis
677 696 148 28 confundere
835 701 117 26 videntur.
986 704 60 26 lilud
1056 707 42 24 vix

138 726 99 30 dubito,
261 727 116 26 afcarides
390 736 67 17 veras
472 736 14 17 a
498 728 135 26 vermiculis
653 730 83 25 bulbos
784 734 148 31 depafcentibus
948 736 25 26 &
991 739 107 31 paluftri-

136 760 43 24 bus
190 761 99 24 omnino
301 761 105 25 diverfos
418 762 61 30 effe,
497 768 71 26 atque
579 770 45 17 non
639 772 42 23 pro
691 764 122 28 larvisfed
826 776 42 24 pro
882 772 119 24 vermibus
1011 774 85 23 immu-
1115 801 3 6 |

136 793 112 25 tabilibus
265 795 127 24 habendos.
429 795 114 25 Contulus
562 803 42 17 eos
616 804 35 17 ex
668 799 155 30 anguillarım
842 805 210 33 muraenarunique
1061 805 35 25 fa-

135 826 66 23 milia
213 826 46 23 effe
272 828 117 28 credidit,
406 828 64 31 degli
483 828 107 24 Afcaridi
607 829 72 24 Rom.
694 838 70 22 1701.

166 858 89 23 Contra
271 858 43 24 hos
327 860 142 24 vermiculos
484 860 165 25 incommodos
664 863 74 31 magis
754 868 70 26 quam
842 867 101 31 noxios,
959 870 74 25 multa
1047 870 48 27 lau-

133 889 102 29 dantur,
252 889 25 25 &
293 892 73 23 varia.
401 892 177 30 Suppolitoria,
600 894 115 32 Clyfteres
729 912 6 11 ,
759 903 30 16 ex
803 898 173 34 allicientibus,
995 906 98 30 amaris,

132 922 149 24 necantibus.
315 923 125 30 Optimum
454 924 93 24 videtur
561 924 90 26 fumum
664 927 135 25 nicotianae
813 938 41 22 per
871 933 99 26 fiftulam
982 937 112 25 admitte-

131 963 26 16 re
177 956 110 23 omnibus
307 955 92 25 infeltis
415 955 25 25 &
457 957 121 23 vermibus
592 965 69 24 quam
682 960 103 24 maxime
803 961 106 28 fatalem.
944 969 149 26 Mercurium

132 988 94 26 dulcem
242 997 41 17 eos
295 989 158 33 potentiflime
465 989 99 34 fugare,
582 990 24 25 &
617 992 214 32 cafcarillam_poft
847 1000 165 28 purgationem
1025 1004 68 23 exhj-

131 1021 75 25 bitam
216 1040 8 12 ,
242 1024 76 32 magis
332 1024 117 24 fcordium
468 1024 23 25 in
507 1023 76 25 infufo
593 1030 43 30 pro
649 1023 67 38 thea,
733 1024 60 38 Ada
808 1027 119 26 Medicor.
946 1032 146 28 Berolinens.

130 1054 50 22 vol.
194 1055 28 21 II.
242 1056 60 23 Dec.
316 1058 18 21 ].
353 1065 22 22 p.
392 1060 39 20 60.
449 1057 107 28 docent,
581 1057 39 23 ubi
637 1063 71 30 etiam
712 1064 72 29 omni
783 1061 87 33 actari
881 1069 137 21 communes
1029 1068 70 26 re&te,

130 1086 200 31 pronunciantur,
347 1097 131 24 quanguam
491 1090 117 24 Linnaeus
619 1097 78 24 pueris
711 1088 132 39 infefliores
857 1093 59 32 effe,
935 1098 71 25 Faun.
1026 1100 63 24 fuec.

132 1118 72 27 1269.
228 1118 129 27 Sennertus
378 1129 58 17 vero
451 1123 63 24 circa
531 1123 130 31 pubertatis
685 1123 116 31 imprimis
824 1133 73 19 annos
919 1131 62 25 nafei
1003 1132 63 25 dicar
1082 1152 7 10 >

128 1149 67 24 Prax.
212 1149 68 24 Med.
299 1152 27 22 L.
340 1154 41 22 III.
400 1158 90 27 p.208.
524 1157 21 22 A
559 1156 158 29 martialibus,
742 1158 84 25 amaris
838 1159 25 25 &
878 1162 51 26 alüs
946 1165 142 24 anthelmin-

130 1182 54 25 tieis
196 1182 99 26 internis
306 1183 98 26 fubinde
414 1187 78 30 pulfos
502 1188 163 26 obfervatores
682 1189 101 32 tradunt,

134 1230 10 5 "
297 1250 55 29 IV.
381 1251 355 40 LUMBRICUS,
769 1257 156 32 intellinalis,

160 1311 64 25 Char.
245 1314 92 26 Corpus
358 1321 64 19 teres
438 1315 145 29 fubtilifime
603 1319 135 25 annulofum
751 1336 8 13 ,
787 1321 109 33 utringae
916 1330 149 24 attenuatum
1078 1336 8 23 ;

170 1352 9 9 ?
244 1347 184 33 (quadrifariam
443 1349 126 25 retrorfum
580 1353 130 26 aculeatum
717 1352 29 32 ?)

130 1387 7 5 *
159 1376 37 24 Os
213 1386 24 16 in
251 1382 69 29 apice
331 1382 155 29 trilabiatum,
504 1391 56 16 enus
571 1385 39 24 fub
626 1384 80 25 cauda.

157 1408 97 27 Habitat
265 1413 160 26 in.hominum
444 1415 26 24 &
490 1416 165 34 plerorumgue
667 1419 136 25 animalium
817 1421 129 35 inteflinis,
964 1426 69 33 faepe
1046 1428 52 23 ab-

124 1447 78 31 esrans
218 1443 25 24 in
260 1446 114 25 emifläria
391 1448 93 31 hepatis
496 1467 7 11 ,
525 1452 131 29 pancreatis
670 1459 46 17 cet.
735 1453 24 24 in
778 1455 95 26 renibus
894 1466 93 25 quoque
1008 1459 25 24 &
1047 1466 36 17 ra-

122 1479 48 19 zus
183 1482 23 17 in
223 1483 83 26 venis
302 1478 26 26 &
339 1488 25 17 in
381 1482 142 32 genitalibus
540 1484 117 25 variorum
672 1486 143 26 animalium.

128 1516 48 17 Eu
402 1524 5 4 .
676 1519 17 23 B
711 1526 14 26 3
1018 1524 65 34 Defe.

0 0 1192 1608 Pie”
1167 489 13 115 me
1174 457 3 30 egerehhan
1174 382 3 74 ent
1174 325 3 56 Lu
1173 294 4 27 nn
1175 250 2 35 nn

1167 605 10 40 ED
