<?xml version="1.0" encoding="UTF-8"?>
<alto xmlns="http://www.loc.gov/standards/alto/ns-v2#" xmlns:xsi="http://www.w3.org/2001/XMLSchema-instance" xsi:schemaLocation="http://www.loc.gov/standards/alto/ns-v2# http://www.loc.gov/standards/alto/alto.xsd">
  <Description>
    <MeasurementUnit>pixel</MeasurementUnit>
    <sourceImageInformation />
    <OCRProcessing ID="OCR_1">
      <preProcessingStep>
        <processingDateTime>2019-06-20T02:49:10</processingDateTime>
        <processingAgency>intranda GmbH, www.intranda.com</processingAgency>
        <processingSoftware>
          <softwareCreator>intranda GmbH, Germany</softwareCreator>
          <softwareName>intranda OCR Module for TaskManager</softwareName>
          <softwareVersion>1.0r42</softwareVersion>
        </processingSoftware>
      </preProcessingStep>
      <ocrProcessingStep>
        <processingSoftware>
          <softwareCreator>Tesseract contributors</softwareCreator>
          <softwareName>Tesseract Open Source OCR Engine</softwareName>
          <softwareVersion>4.0.0-beta.1-270-g5a56</softwareVersion>
        </processingSoftware>
      </ocrProcessingStep>
    </OCRProcessing>
  </Description>
  <Layout>
    <Page ID="PAGE_1" HEIGHT="1608" WIDTH="1192" PHYSICAL_IMG_NR="1">
      <PrintSpace ID="PrintSpace_1" HPOS="0" VPOS="0" HEIGHT="1608" WIDTH="1192">
        <TextBlock ID="TextBlock_1" HPOS="22" VPOS="5" HEIGHT="25" WIDTH="49">
          <TextLine ID="TextLine_1" HPOS="22" VPOS="5" HEIGHT="25" WIDTH="49">
            <SP ID="Textword_1" HPOS="22" VPOS="5" />
            <String ID="Textword_1" HPOS="22" VPOS="5" HEIGHT="25" WIDTH="49" CONTENT=" " WC="0,95" />
          </TextLine>
        </TextBlock>
        <TextBlock ID="TextBlock_2" HPOS="345" VPOS="91" HEIGHT="46" WIDTH="760">
          <TextLine ID="TextLine_2" HPOS="345" VPOS="91" HEIGHT="46" WIDTH="760">
            <String ID="Textword_2" HPOS="345" VPOS="91" HEIGHT="33" WIDTH="568" CONTENT="INAUGURALIS" WC="0,68" />
            <String ID="Textword_3" HPOS="1071" VPOS="107" HEIGHT="30" WIDTH="34" CONTENT="a3" WC="0,85" />
          </TextLine>
        </TextBlock>
        <TextBlock ID="TextBlock_3" HPOS="136" VPOS="150" HEIGHT="1419" WIDTH="981">
          <TextLine ID="TextLine_3" HPOS="145" VPOS="150" HEIGHT="47" WIDTH="972">
            <String ID="Textword_4" HPOS="145" VPOS="152" HEIGHT="32" WIDTH="63" CONTENT="apıd" WC="0,45" />
            <String ID="Textword_5" HPOS="220" VPOS="150" HEIGHT="25" WIDTH="112" CONTENT="Amatum" WC="0,92" />
            <String ID="Textword_6" HPOS="343" VPOS="150" HEIGHT="26" WIDTH="137" CONTENT="Lufitanum" WC="0,59" />
            <String ID="Textword_7" HPOS="491" VPOS="152" HEIGHT="32" WIDTH="130" CONTENT="appellatas" WC="0,92" />
            <String ID="Textword_8" HPOS="632" VPOS="153" HEIGHT="31" WIDTH="125" CONTENT="invenias;" WC="0,91" />
            <String ID="Textword_9" HPOS="769" VPOS="157" HEIGHT="37" WIDTH="70" CONTENT="‚idem" WC="0,58" />
            <String ID="Textword_10" HPOS="856" VPOS="160" HEIGHT="31" WIDTH="89" CONTENT="placnit" WC="0,91" />
            <String ID="Textword_11" HPOS="958" VPOS="159" HEIGHT="26" WIDTH="101" CONTENT="Couleto" WC="0,92" />
            <String ID="Textword_12" HPOS="1076" VPOS="162" HEIGHT="35" WIDTH="41" CONTENT="&amp;," WC="0,90" />
          </TextLine>
          <TextLine ID="TextLine_4" HPOS="145" VPOS="183" HEIGHT="39" WIDTH="957">
            <String ID="Textword_13" HPOS="145" VPOS="183" HEIGHT="26" WIDTH="124" CONTENT="Brendelio" WC="0,91" />
            <String ID="Textword_14" HPOS="280" VPOS="191" HEIGHT="26" WIDTH="94" CONTENT="quoque" WC="0,89" />
            <String ID="Textword_15" HPOS="387" VPOS="185" HEIGHT="24" WIDTH="24" CONTENT="in" WC="0,93" />
            <String ID="Textword_16" HPOS="427" VPOS="185" HEIGHT="25" WIDTH="39" CONTENT="ufu" WC="0,90" />
            <String ID="Textword_17" HPOS="478" VPOS="192" HEIGHT="17" WIDTH="57" CONTENT="erat." WC="0,89" />
            <String ID="Textword_18" HPOS="571" VPOS="185" HEIGHT="31" WIDTH="96" CONTENT="Arabes}" WC="0,80" />
            <String ID="Textword_19" HPOS="677" VPOS="193" HEIGHT="19" WIDTH="62" CONTENT="tamen" WC="0,85" />
            <String ID="Textword_20" HPOS="741" VPOS="189" HEIGHT="33" WIDTH="67" CONTENT="ipfi" WC="0,92" />
            <String ID="Textword_21" HPOS="820" VPOS="193" HEIGHT="25" WIDTH="128" CONTENT="afcaridum" WC="0,87" />
            <String ID="Textword_22" HPOS="960" VPOS="201" HEIGHT="17" WIDTH="87" CONTENT="nomen" WC="0,92" />
            <String ID="Textword_23" HPOS="1062" VPOS="195" HEIGHT="25" WIDTH="40" CONTENT="is." WC="0,16" />
          </TextLine>
          <TextLine ID="TextLine_5" HPOS="144" VPOS="216" HEIGHT="41" WIDTH="958">
            <String ID="Textword_24" HPOS="144" VPOS="217" HEIGHT="25" WIDTH="54" CONTENT="dem" WC="0,93" />
            <String ID="Textword_25" HPOS="210" VPOS="216" HEIGHT="28" WIDTH="147" CONTENT="refervarunt" WC="0,85" />
            <String ID="Textword_26" HPOS="368" VPOS="218" HEIGHT="29" WIDTH="147" CONTENT="vermiculis," WC="0,92" />
            <String ID="Textword_27" HPOS="533" VPOS="219" HEIGHT="30" WIDTH="83" CONTENT="quibus" WC="0,66" />
            <String ID="Textword_28" HPOS="626" VPOS="227" HEIGHT="15" WIDTH="13" CONTENT="a" WC="0,93" />
            <String ID="Textword_29" HPOS="652" VPOS="219" HEIGHT="26" WIDTH="97" CONTENT="Graecis" WC="0,92" />
            <String ID="Textword_30" HPOS="761" VPOS="224" HEIGHT="29" WIDTH="78" CONTENT="primo" WC="0,92" />
            <String ID="Textword_31" HPOS="861" VPOS="226" HEIGHT="30" WIDTH="47" CONTENT="fait" WC="0,56" />
            <String ID="Textword_32" HPOS="924" VPOS="227" HEIGHT="24" WIDTH="101" CONTENT="inditum" WC="0,90" />
            <String ID="Textword_33" HPOS="1035" VPOS="244" HEIGHT="13" WIDTH="9" CONTENT="," WC="0,85" />
            <String ID="Textword_34" HPOS="1061" VPOS="235" HEIGHT="17" WIDTH="41" CONTENT="cu-" WC="0,91" />
          </TextLine>
          <TextLine ID="TextLine_6" HPOS="144" VPOS="249" HEIGHT="42" WIDTH="956">
            <String ID="Textword_35" HPOS="144" VPOS="249" HEIGHT="33" WIDTH="177" CONTENT="eurbitinosque" WC="0,88" />
            <String ID="Textword_36" HPOS="337" VPOS="259" HEIGHT="24" WIDTH="43" CONTENT="pro" WC="0,93" />
            <String ID="Textword_37" HPOS="395" VPOS="250" HEIGHT="31" WIDTH="150" CONTENT="fingularibus" WC="0,90" />
            <String ID="Textword_38" HPOS="563" VPOS="250" HEIGHT="24" WIDTH="25" CONTENT="&amp;" WC="0,93" />
            <String ID="Textword_39" HPOS="603" VPOS="251" HEIGHT="31" WIDTH="113" CONTENT="perfe&amp;tis" WC="0,35" />
            <String ID="Textword_40" HPOS="735" VPOS="256" HEIGHT="34" WIDTH="136" CONTENT="vermiculis" WC="0,93" />
            <String ID="Textword_41" HPOS="885" VPOS="266" HEIGHT="25" WIDTH="151" CONTENT="acceperunt." WC="0,92" />
            <String ID="Textword_42" HPOS="1071" VPOS="261" HEIGHT="25" WIDTH="29" CONTENT="In" WC="0,96" />
          </TextLine>
          <TextLine ID="TextLine_7" HPOS="144" VPOS="282" HEIGHT="40" WIDTH="958">
            <String ID="Textword_43" HPOS="144" VPOS="282" HEIGHT="25" WIDTH="86" CONTENT="horum" WC="0,92" />
            <String ID="Textword_44" HPOS="249" VPOS="291" HEIGHT="16" WIDTH="103" CONTENT="errorem" WC="0,90" />
            <String ID="Textword_45" HPOS="376" VPOS="283" HEIGHT="30" WIDTH="85" CONTENT="partim" WC="0,90" />
            <String ID="Textword_46" HPOS="480" VPOS="290" HEIGHT="16" WIDTH="74" CONTENT="coeco" WC="0,90" />
            <String ID="Textword_47" HPOS="571" VPOS="284" HEIGHT="30" WIDTH="90" CONTENT="imperu" WC="0,88" />
            <String ID="Textword_48" HPOS="673" VPOS="303" HEIGHT="12" WIDTH="7" CONTENT="," WC="0,87" />
            <String ID="Textword_49" HPOS="698" VPOS="292" HEIGHT="25" WIDTH="86" CONTENT="partim" WC="0,92" />
            <String ID="Textword_50" HPOS="798" VPOS="287" HEIGHT="25" WIDTH="60" CONTENT="falfis" WC="0,70" />
            <String ID="Textword_51" HPOS="873" VPOS="294" HEIGHT="28" WIDTH="146" CONTENT="argumentis" WC="0,92" />
            <String ID="Textword_52" HPOS="1034" VPOS="293" HEIGHT="26" WIDTH="68" CONTENT="innifi" WC="0,91" />
          </TextLine>
          <TextLine ID="TextLine_8" HPOS="145" VPOS="314" HEIGHT="40" WIDTH="957">
            <String ID="Textword_53" HPOS="145" VPOS="316" HEIGHT="24" WIDTH="135" CONTENT="inciderunt" WC="0,71" />
            <String ID="Textword_54" HPOS="291" VPOS="323" HEIGHT="16" WIDTH="29" CONTENT="ex" WC="0,93" />
            <String ID="Textword_55" HPOS="332" VPOS="314" HEIGHT="32" WIDTH="171" CONTENT="antiquioribus" WC="0,92" />
            <String ID="Textword_56" HPOS="518" VPOS="315" HEIGHT="33" WIDTH="157" CONTENT="Conciliator," WC="0,91" />
            <String ID="Textword_57" HPOS="695" VPOS="319" HEIGHT="26" WIDTH="142" CONTENT="Thaddaeus" WC="0,91" />
            <String ID="Textword_58" HPOS="851" VPOS="322" HEIGHT="25" WIDTH="85" CONTENT="Dunus" WC="0,92" />
            <String ID="Textword_59" HPOS="946" VPOS="342" HEIGHT="12" WIDTH="8" CONTENT="„" WC="0,44" />
            <String ID="Textword_60" HPOS="972" VPOS="326" HEIGHT="26" WIDTH="130" CONTENT="Savanaro-" WC="0,89" />
          </TextLine>
          <TextLine ID="TextLine_9" HPOS="144" VPOS="347" HEIGHT="38" WIDTH="958">
            <String ID="Textword_61" HPOS="144" VPOS="349" HEIGHT="23" WIDTH="24" CONTENT="la" WC="0,76" />
            <String ID="Textword_62" HPOS="179" VPOS="367" HEIGHT="9" WIDTH="6" CONTENT="," WC="0,79" />
            <String ID="Textword_63" HPOS="203" VPOS="347" HEIGHT="29" WIDTH="122" CONTENT="Foreftus," WC="0,91" />
            <String ID="Textword_64" HPOS="342" VPOS="348" HEIGHT="31" WIDTH="137" CONTENT="Augenius," WC="0,91" />
            <String ID="Textword_65" HPOS="497" VPOS="348" HEIGHT="33" WIDTH="201" CONTENT="Pedemontanus," WC="0,91" />
            <String ID="Textword_66" HPOS="716" VPOS="352" HEIGHT="25" WIDTH="74" CONTENT="Herc." WC="0,86" />
            <String ID="Textword_67" HPOS="803" VPOS="354" HEIGHT="31" WIDTH="119" CONTENT="Saxonia," WC="0,92" />
            <String ID="Textword_68" HPOS="938" VPOS="358" HEIGHT="25" WIDTH="70" CONTENT="Alex." WC="0,93" />
            <String ID="Textword_69" HPOS="1024" VPOS="360" HEIGHT="25" WIDTH="78" CONTENT="Bene-" WC="0,92" />
          </TextLine>
          <TextLine ID="TextLine_10" HPOS="143" VPOS="379" HEIGHT="39" WIDTH="958">
            <String ID="Textword_70" HPOS="143" VPOS="381" HEIGHT="27" WIDTH="89" CONTENT="dietus," WC="0,71" />
            <String ID="Textword_71" HPOS="249" VPOS="379" HEIGHT="31" WIDTH="153" CONTENT="Beniuenius," WC="0,89" />
            <String ID="Textword_72" HPOS="420" VPOS="380" HEIGHT="33" WIDTH="183" CONTENT="Aldrovandus," WC="0,91" />
            <String ID="Textword_73" HPOS="622" VPOS="383" HEIGHT="32" WIDTH="142" CONTENT="Wedelius," WC="0,91" />
            <String ID="Textword_74" HPOS="781" VPOS="387" HEIGHT="26" WIDTH="134" CONTENT="Borrichius" WC="0,91" />
            <String ID="Textword_75" HPOS="933" VPOS="388" HEIGHT="26" WIDTH="25" CONTENT="&amp;" WC="0,92" />
            <String ID="Textword_76" HPOS="981" VPOS="392" HEIGHT="26" WIDTH="120" CONTENT="innumeri" WC="0,91" />
          </TextLine>
          <TextLine ID="TextLine_11" HPOS="143" VPOS="413" HEIGHT="42" WIDTH="957">
            <String ID="Textword_77" HPOS="143" VPOS="413" HEIGHT="27" WIDTH="54" CONTENT="alii," WC="0,80" />
            <String ID="Textword_78" HPOS="215" VPOS="413" HEIGHT="25" WIDTH="87" CONTENT="deinde" WC="0,91" />
            <String ID="Textword_79" HPOS="313" VPOS="414" HEIGHT="24" WIDTH="144" CONTENT="Valisnerius" WC="0,90" />
            <String ID="Textword_80" HPOS="468" VPOS="414" HEIGHT="33" WIDTH="97" CONTENT="ejusque" WC="0,90" />
            <String ID="Textword_81" HPOS="577" VPOS="415" HEIGHT="27" WIDTH="123" CONTENT="fe&amp;tatores" WC="0,00" />
            <String ID="Textword_82" HPOS="711" VPOS="419" HEIGHT="25" WIDTH="103" CONTENT="Clericus" WC="0,84" />
            <String ID="Textword_83" HPOS="823" VPOS="422" HEIGHT="28" WIDTH="117" CONTENT="‚Scardona" WC="0,84" />
            <String ID="Textword_84" HPOS="942" VPOS="431" HEIGHT="21" WIDTH="29" CONTENT="," WC="0,85" />
            <String ID="Textword_85" HPOS="983" VPOS="423" HEIGHT="32" WIDTH="117" CONTENT="Bianchi;" WC="0,38" />
          </TextLine>
          <TextLine ID="TextLine_12" HPOS="144" VPOS="445" HEIGHT="44" WIDTH="957">
            <String ID="Textword_86" HPOS="144" VPOS="445" HEIGHT="31" WIDTH="126" CONTENT="Conletus," WC="0,48" />
            <String ID="Textword_87" HPOS="283" VPOS="445" HEIGHT="26" WIDTH="25" CONTENT="&amp;" WC="0,92" />
            <String ID="Textword_88" HPOS="321" VPOS="454" HEIGHT="17" WIDTH="53" CONTENT="cum" WC="0,96" />
            <String ID="Textword_89" HPOS="386" VPOS="455" HEIGHT="17" WIDTH="29" CONTENT="eo" WC="0,93" />
            <String ID="Textword_90" HPOS="428" VPOS="447" HEIGHT="33" WIDTH="118" CONTENT="Ernitius," WC="0,71" />
            <String ID="Textword_91" HPOS="557" VPOS="449" HEIGHT="32" WIDTH="160" CONTENT="Werlhofius," WC="0,86" />
            <String ID="Textword_92" HPOS="729" VPOS="451" HEIGHT="28" WIDTH="146" CONTENT="Brendelius" WC="0,10" />
            <String ID="Textword_93" HPOS="890" VPOS="454" HEIGHT="26" WIDTH="26" CONTENT="&amp;" WC="0,91" />
            <String ID="Textword_94" HPOS="930" VPOS="457" HEIGHT="32" WIDTH="133" CONTENT="complures" WC="0,87" />
            <String ID="Textword_95" HPOS="1077" VPOS="466" HEIGHT="16" WIDTH="24" CONTENT="a-" WC="0,93" />
          </TextLine>
          <TextLine ID="TextLine_13" HPOS="143" VPOS="478" HEIGHT="38" WIDTH="958">
            <String ID="Textword_96" HPOS="143" VPOS="478" HEIGHT="30" WIDTH="39" CONTENT="li," WC="0,59" />
            <String ID="Textword_97" HPOS="198" VPOS="487" HEIGHT="25" WIDTH="142" CONTENT="omnesque," WC="0,92" />
            <String ID="Textword_98" HPOS="359" VPOS="489" HEIGHT="17" WIDTH="28" CONTENT="ex" WC="0,93" />
            <String ID="Textword_99" HPOS="400" VPOS="482" HEIGHT="24" WIDTH="163" CONTENT="concatenatis" WC="0,92" />
            <String ID="Textword_100" HPOS="576" VPOS="484" HEIGHT="25" WIDTH="153" CONTENT="cucurbitinis" WC="0,90" />
            <String ID="Textword_101" HPOS="741" VPOS="485" HEIGHT="27" WIDTH="118" CONTENT="Taeniam" WC="0,92" />
            <String ID="Textword_102" HPOS="879" VPOS="488" HEIGHT="27" WIDTH="127" CONTENT="fecundam" WC="0,91" />
            <String ID="Textword_103" HPOS="1023" VPOS="491" HEIGHT="25" WIDTH="78" CONTENT="Plate-" WC="0,90" />
          </TextLine>
          <TextLine ID="TextLine_14" HPOS="143" VPOS="511" HEIGHT="37" WIDTH="960">
            <String ID="Textword_104" HPOS="143" VPOS="511" HEIGHT="29" WIDTH="34" CONTENT="ri," WC="0,95" />
            <String ID="Textword_105" HPOS="195" VPOS="512" HEIGHT="26" WIDTH="49" CONTENT="five" WC="0,93" />
            <String ID="Textword_106" HPOS="254" VPOS="513" HEIGHT="30" WIDTH="101" CONTENT="fpuriam" WC="0,91" />
            <String ID="Textword_107" HPOS="367" VPOS="514" HEIGHT="24" WIDTH="50" CONTENT="fieri" WC="0,83" />
            <String ID="Textword_108" HPOS="430" VPOS="514" HEIGHT="28" WIDTH="145" CONTENT="docuerunt;" WC="0,92" />
            <String ID="Textword_109" HPOS="591" VPOS="516" HEIGHT="24" WIDTH="62" CONTENT="adeo" WC="0,93" />
            <String ID="Textword_110" HPOS="664" VPOS="523" HEIGHT="16" WIDTH="25" CONTENT="ur" WC="0,69" />
            <String ID="Textword_111" HPOS="701" VPOS="518" HEIGHT="26" WIDTH="120" CONTENT="Scardona" WC="0,92" />
            <String ID="Textword_112" HPOS="837" VPOS="528" HEIGHT="17" WIDTH="67" CONTENT="certo" WC="0,91" />
            <String ID="Textword_113" HPOS="920" VPOS="522" HEIGHT="26" WIDTH="130" CONTENT="fabulofam" WC="0,86" />
            <String ID="Textword_114" HPOS="1067" VPOS="524" HEIGHT="24" WIDTH="36" CONTENT="hi-" WC="0,92" />
          </TextLine>
          <TextLine ID="TextLine_15" HPOS="143" VPOS="542" HEIGHT="44" WIDTH="959">
            <String ID="Textword_115" HPOS="143" VPOS="542" HEIGHT="26" WIDTH="95" CONTENT="ftoriam" WC="0,81" />
            <String ID="Textword_116" HPOS="254" VPOS="546" HEIGHT="24" WIDTH="107" CONTENT="credulus" WC="0,92" />
            <String ID="Textword_117" HPOS="375" VPOS="552" HEIGHT="18" WIDTH="77" CONTENT="narret" WC="0,91" />
            <String ID="Textword_118" HPOS="470" VPOS="546" HEIGHT="31" WIDTH="186" CONTENT="fragmentorum" WC="0,90" />
            <String ID="Textword_119" HPOS="673" VPOS="549" HEIGHT="26" WIDTH="106" CONTENT="&quot;l'aeniae" WC="0,00" />
            <String ID="Textword_120" HPOS="796" VPOS="560" HEIGHT="20" WIDTH="14" CONTENT="a" WC="0,88" />
            <String ID="Textword_121" HPOS="828" VPOS="552" HEIGHT="26" WIDTH="90" CONTENT="femina" WC="0,92" />
            <String ID="Textword_122" HPOS="936" VPOS="562" HEIGHT="24" WIDTH="166" CONTENT="excretorum," WC="0,91" />
          </TextLine>
          <TextLine ID="TextLine_16" HPOS="144" VPOS="577" HEIGHT="42" WIDTH="958">
            <String ID="Textword_123" HPOS="144" VPOS="583" HEIGHT="23" WIDTH="97" CONTENT="guorum" WC="0,82" />
            <String ID="Textword_124" HPOS="250" VPOS="594" HEIGHT="11" WIDTH="7" CONTENT="," WC="0,82" />
            <String ID="Textword_125" HPOS="273" VPOS="585" HEIGHT="17" WIDTH="55" CONTENT="cum" WC="0,96" />
            <String ID="Textword_126" HPOS="339" VPOS="579" HEIGHT="23" WIDTH="25" CONTENT="in" WC="0,93" />
            <String ID="Textword_127" HPOS="374" VPOS="578" HEIGHT="24" WIDTH="56" CONTENT="vafe" WC="0,91" />
            <String ID="Textword_128" HPOS="444" VPOS="577" HEIGHT="31" WIDTH="181" CONTENT="aflervarentur," WC="0,66" />
            <String ID="Textword_129" HPOS="643" VPOS="581" HEIGHT="30" WIDTH="121" CONTENT="camplura" WC="0,63" />
            <String ID="Textword_130" HPOS="775" VPOS="583" HEIGHT="24" WIDTH="25" CONTENT="in" WC="0,91" />
            <String ID="Textword_131" HPOS="811" VPOS="584" HEIGHT="26" WIDTH="99" CONTENT="fasciam" WC="0,91" />
            <String ID="Textword_132" HPOS="925" VPOS="587" HEIGHT="26" WIDTH="85" CONTENT="decem" WC="0,92" />
            <String ID="Textword_133" HPOS="1027" VPOS="589" HEIGHT="30" WIDTH="75" CONTENT="peda-" WC="0,92" />
          </TextLine>
          <TextLine ID="TextLine_17" HPOS="142" VPOS="607" HEIGHT="44" WIDTH="960">
            <String ID="Textword_134" HPOS="142" VPOS="607" HEIGHT="23" WIDTH="47" CONTENT="lem" WC="0,93" />
            <String ID="Textword_135" HPOS="200" VPOS="609" HEIGHT="29" WIDTH="145" CONTENT="coaluerint," WC="0,61" />
            <String ID="Textword_136" HPOS="358" VPOS="611" HEIGHT="28" WIDTH="114" CONTENT="geniculis" WC="0,89" />
            <String ID="Textword_137" HPOS="483" VPOS="610" HEIGHT="24" WIDTH="130" CONTENT="diflin&amp;tam" WC="0,40" />
            <String ID="Textword_138" HPOS="624" VPOS="613" HEIGHT="29" WIDTH="64" CONTENT="quod" WC="0,89" />
            <String ID="Textword_139" HPOS="699" VPOS="619" HEIGHT="19" WIDTH="69" CONTENT="antea" WC="0,93" />
            <String ID="Textword_140" HPOS="780" VPOS="623" HEIGHT="16" WIDTH="45" CONTENT="non" WC="0,93" />
            <String ID="Textword_141" HPOS="839" VPOS="617" HEIGHT="25" WIDTH="86" CONTENT="fuerat." WC="0,92" />
            <String ID="Textword_142" HPOS="933" VPOS="619" HEIGHT="31" WIDTH="42" CONTENT="(de" WC="0,93" />
            <String ID="Textword_143" HPOS="988" VPOS="622" HEIGHT="29" WIDTH="114" CONTENT="cognofe." WC="0,84" />
          </TextLine>
          <TextLine ID="TextLine_18" HPOS="143" VPOS="637" HEIGHT="49" WIDTH="958">
            <String ID="Textword_144" HPOS="143" VPOS="637" HEIGHT="26" WIDTH="26" CONTENT="&amp;" WC="0,75" />
            <String ID="Textword_145" HPOS="187" VPOS="646" HEIGHT="15" WIDTH="48" CONTENT="cur." WC="0,93" />
            <String ID="Textword_146" HPOS="255" VPOS="641" HEIGHT="22" WIDTH="76" CONTENT="morb." WC="0,89" />
            <String ID="Textword_147" HPOS="351" VPOS="640" HEIGHT="23" WIDTH="63" CONTENT="Edit," WC="0,83" />
            <String ID="Textword_148" HPOS="430" VPOS="647" HEIGHT="16" WIDTH="23" CONTENT="2." WC="0,93" />
            <String ID="Textword_149" HPOS="471" VPOS="641" HEIGHT="23" WIDTH="82" CONTENT="Patav." WC="0,92" />
            <String ID="Textword_150" HPOS="570" VPOS="642" HEIGHT="24" WIDTH="52" CONTENT="Lib." WC="0,88" />
            <String ID="Textword_151" HPOS="636" VPOS="644" HEIGHT="23" WIDTH="42" CONTENT="II." WC="0,82" />
            <String ID="Textword_152" HPOS="696" VPOS="644" HEIGHT="32" WIDTH="57" CONTENT="Cap." WC="0,96" />
            <String ID="Textword_153" HPOS="767" VPOS="648" HEIGHT="22" WIDTH="23" CONTENT="6." WC="0,90" />
            <String ID="Textword_154" HPOS="808" VPOS="656" HEIGHT="23" WIDTH="22" CONTENT="p." WC="0,90" />
            <String ID="Textword_155" HPOS="843" VPOS="650" HEIGHT="33" WIDTH="76" CONTENT="701.)" WC="0,91" />
            <String ID="Textword_156" HPOS="936" VPOS="652" HEIGHT="25" WIDTH="104" CONTENT="Modum" WC="0,91" />
            <String ID="Textword_157" HPOS="1053" VPOS="661" HEIGHT="25" WIDTH="48" CONTENT="quo" WC="0,96" />
          </TextLine>
          <TextLine ID="TextLine_19" HPOS="143" VPOS="669" HEIGHT="48" WIDTH="960">
            <String ID="Textword_158" HPOS="143" VPOS="669" HEIGHT="27" WIDTH="143" CONTENT="eohaereant" WC="0,64" />
            <String ID="Textword_159" HPOS="298" VPOS="672" HEIGHT="24" WIDTH="91" CONTENT="varium" WC="0,88" />
            <String ID="Textword_160" HPOS="398" VPOS="672" HEIGHT="25" WIDTH="154" CONTENT="tradiderunt." WC="0,91" />
            <String ID="Textword_161" HPOS="583" VPOS="675" HEIGHT="26" WIDTH="146" CONTENT="Valisnerius" WC="0,87" />
            <String ID="Textword_162" HPOS="740" VPOS="680" HEIGHT="25" WIDTH="102" CONTENT="credidit" WC="0,85" />
            <String ID="Textword_163" HPOS="855" VPOS="679" HEIGHT="30" WIDTH="120" CONTENT="cornicula" WC="0,89" />
            <String ID="Textword_164" HPOS="988" VPOS="687" HEIGHT="30" WIDTH="115" CONTENT="quaedam" WC="0,89" />
          </TextLine>
          <TextLine ID="TextLine_20" HPOS="143" VPOS="703" HEIGHT="48" WIDTH="960">
            <String ID="Textword_165" HPOS="143" VPOS="703" HEIGHT="24" WIDTH="124" CONTENT="anterioris" WC="0,90" />
            <String ID="Textword_166" HPOS="283" VPOS="706" HEIGHT="25" WIDTH="155" CONTENT="eXtremitatis" WC="0,56" />
            <String ID="Textword_167" HPOS="458" VPOS="706" HEIGHT="23" WIDTH="24" CONTENT="in" WC="0,92" />
            <String ID="Textword_168" HPOS="498" VPOS="707" HEIGHT="34" WIDTH="163" CONTENT="praecedentis" WC="0,92" />
            <String ID="Textword_169" HPOS="677" VPOS="712" HEIGHT="26" WIDTH="145" CONTENT="cucurbitini" WC="0,66" />
            <String ID="Textword_170" HPOS="837" VPOS="714" HEIGHT="32" WIDTH="126" CONTENT="pofteriori" WC="0,83" />
            <String ID="Textword_171" HPOS="980" VPOS="724" HEIGHT="27" WIDTH="68" CONTENT="parte" WC="0,93" />
            <String ID="Textword_172" HPOS="1066" VPOS="726" HEIGHT="18" WIDTH="37" CONTENT="ut-" WC="0,80" />
          </TextLine>
          <TextLine ID="TextLine_21" HPOS="144" VPOS="736" HEIGHT="49" WIDTH="961">
            <String ID="Textword_173" HPOS="144" VPOS="744" HEIGHT="24" WIDTH="92" CONTENT="eunque" WC="0,55" />
            <String ID="Textword_174" HPOS="254" VPOS="736" HEIGHT="32" WIDTH="102" CONTENT="firmari," WC="0,88" />
            <String ID="Textword_175" HPOS="372" VPOS="738" HEIGHT="26" WIDTH="26" CONTENT="&amp;" WC="0,93" />
            <String ID="Textword_176" HPOS="413" VPOS="738" HEIGHT="26" WIDTH="31" CONTENT="fic" WC="0,86" />
            <String ID="Textword_177" HPOS="458" VPOS="747" HEIGHT="17" WIDTH="41" CONTENT="ore" WC="0,88" />
            <String ID="Textword_178" HPOS="516" VPOS="748" HEIGHT="26" WIDTH="90" CONTENT="anpque" WC="0,66" />
            <String ID="Textword_179" HPOS="620" VPOS="742" HEIGHT="34" WIDTH="70" CONTENT="jungi" WC="0,90" />
            <String ID="Textword_180" HPOS="705" VPOS="751" HEIGHT="18" WIDTH="25" CONTENT="ur" WC="0,81" />
            <String ID="Textword_181" HPOS="748" VPOS="754" HEIGHT="19" WIDTH="58" CONTENT="unus" WC="0,66" />
            <String ID="Textword_182" HPOS="809" VPOS="748" HEIGHT="31" WIDTH="154" CONTENT="alimentum" WC="0,88" />
            <String ID="Textword_183" HPOS="979" VPOS="752" HEIGHT="32" WIDTH="67" CONTENT="fugat" WC="0,88" />
            <String ID="Textword_184" HPOS="1058" VPOS="761" HEIGHT="24" WIDTH="47" CONTENT="pro" WC="0,96" />
          </TextLine>
          <TextLine ID="TextLine_22" HPOS="142" VPOS="771" HEIGHT="45" WIDTH="961">
            <String ID="Textword_185" HPOS="142" VPOS="771" HEIGHT="25" WIDTH="111" CONTENT="omnibus" WC="0,90" />
            <String ID="Textword_186" HPOS="264" VPOS="779" HEIGHT="17" WIDTH="6" CONTENT=":" WC="0,90" />
            <String ID="Textword_187" HPOS="288" VPOS="772" HEIGHT="27" WIDTH="112" CONTENT="Couletus" WC="0,79" />
            <String ID="Textword_188" HPOS="411" VPOS="773" HEIGHT="26" WIDTH="55" CONTENT="dein" WC="0,93" />
            <String ID="Textword_189" HPOS="477" VPOS="774" HEIGHT="26" WIDTH="63" CONTENT="hunc" WC="0,89" />
            <String ID="Textword_190" HPOS="556" VPOS="776" HEIGHT="33" WIDTH="152" CONTENT="vituperans," WC="0,89" />
            <String ID="Textword_191" HPOS="728" VPOS="778" HEIGHT="27" WIDTH="69" CONTENT="fücco" WC="0,89" />
            <String ID="Textword_192" HPOS="815" VPOS="781" HEIGHT="27" WIDTH="76" CONTENT="la&amp;teo" WC="0,46" />
            <String ID="Textword_193" HPOS="906" VPOS="792" HEIGHT="24" WIDTH="70" CONTENT="quem" WC="0,92" />
            <String ID="Textword_194" HPOS="995" VPOS="787" HEIGHT="24" WIDTH="108" CONTENT="cucurbi-" WC="0,91" />
          </TextLine>
          <TextLine ID="TextLine_23" HPOS="142" VPOS="804" HEIGHT="41" WIDTH="965">
            <String ID="Textword_195" HPOS="142" VPOS="804" HEIGHT="25" WIDTH="45" CONTENT="tini" WC="0,20" />
            <String ID="Textword_196" HPOS="200" VPOS="813" HEIGHT="23" WIDTH="129" CONTENT="evomunt," WC="0,88" />
            <String ID="Textword_197" HPOS="347" VPOS="809" HEIGHT="31" WIDTH="86" CONTENT="quique" WC="0,87" />
            <String ID="Textword_198" HPOS="446" VPOS="807" HEIGHT="27" WIDTH="99" CONTENT="ficcatus" WC="0,84" />
            <String ID="Textword_199" HPOS="557" VPOS="817" HEIGHT="19" WIDTH="80" CONTENT="cretae" WC="0,79" />
            <String ID="Textword_200" HPOS="649" VPOS="820" HEIGHT="22" WIDTH="137" CONTENT="gummatae" WC="0,89" />
            <String ID="Textword_201" HPOS="798" VPOS="815" HEIGHT="25" WIDTH="72" CONTENT="inftar" WC="0,40" />
            <String ID="Textword_202" HPOS="885" VPOS="817" HEIGHT="28" WIDTH="42" CONTENT="fir," WC="0,93" />
            <String ID="Textword_203" HPOS="945" VPOS="818" HEIGHT="25" WIDTH="99" CONTENT="infertos" WC="0,91" />
            <String ID="Textword_204" HPOS="1059" VPOS="819" HEIGHT="25" WIDTH="48" CONTENT="fibi" WC="0,36" />
          </TextLine>
          <TextLine ID="TextLine_24" HPOS="140" VPOS="836" HEIGHT="46" WIDTH="963">
            <String ID="Textword_205" HPOS="140" VPOS="836" HEIGHT="25" WIDTH="105" CONTENT="invicem" WC="0,90" />
            <String ID="Textword_206" HPOS="258" VPOS="855" HEIGHT="11" WIDTH="8" CONTENT="," WC="0,77" />
            <String ID="Textword_207" HPOS="283" VPOS="840" HEIGHT="29" WIDTH="173" CONTENT="eonglutinari," WC="0,88" />
            <String ID="Textword_208" HPOS="474" VPOS="841" HEIGHT="23" WIDTH="69" CONTENT="dixit." WC="0,65" />
            <String ID="Textword_209" HPOS="577" VPOS="843" HEIGHT="23" WIDTH="97" CONTENT="Bianchi" WC="0,92" />
            <String ID="Textword_210" HPOS="688" VPOS="844" HEIGHT="24" WIDTH="94" CONTENT="demum" WC="0,92" />
            <String ID="Textword_211" HPOS="795" VPOS="849" HEIGHT="33" WIDTH="308" CONTENT="eucurbitinos-anguftior;" WC="0,63" />
          </TextLine>
          <TextLine ID="TextLine_25" HPOS="143" VPOS="869" HEIGHT="45" WIDTH="960">
            <String ID="Textword_212" HPOS="143" VPOS="876" HEIGHT="24" WIDTH="69" CONTENT="parte" WC="0,92" />
            <String ID="Textword_213" HPOS="224" VPOS="869" HEIGHT="25" WIDTH="46" CONTENT="effe" WC="0,84" />
            <String ID="Textword_214" HPOS="281" VPOS="878" HEIGHT="17" WIDTH="75" CONTENT="mares" WC="0,92" />
            <String ID="Textword_215" HPOS="367" VPOS="872" HEIGHT="24" WIDTH="112" CONTENT="bilabiata" WC="0,89" />
            <String ID="Textword_216" HPOS="493" VPOS="871" HEIGHT="32" WIDTH="128" CONTENT="foeminas," WC="0,90" />
            <String ID="Textword_217" HPOS="639" VPOS="874" HEIGHT="25" WIDTH="25" CONTENT="&amp;" WC="0,93" />
            <String ID="Textword_218" HPOS="676" VPOS="874" HEIGHT="25" WIDTH="32" CONTENT="fic" WC="0,91" />
            <String ID="Textword_219" HPOS="718" VPOS="876" HEIGHT="25" WIDTH="70" CONTENT="oeftri" WC="0,89" />
            <String ID="Textword_220" HPOS="802" VPOS="884" HEIGHT="27" WIDTH="109" CONTENT="tempore" WC="0,90" />
            <String ID="Textword_221" HPOS="923" VPOS="883" HEIGHT="25" WIDTH="66" CONTENT="coitu" WC="0,80" />
            <String ID="Textword_222" HPOS="1000" VPOS="884" HEIGHT="29" WIDTH="26" CONTENT="in" WC="0,92" />
            <String ID="Textword_223" HPOS="1036" VPOS="890" HEIGHT="24" WIDTH="67" CONTENT="cate-" WC="0,58" />
          </TextLine>
          <TextLine ID="TextLine_26" HPOS="140" VPOS="901" HEIGHT="34" WIDTH="351">
            <String ID="Textword_224" HPOS="140" VPOS="908" HEIGHT="17" WIDTH="54" CONTENT="nam" WC="0,93" />
            <String ID="Textword_225" HPOS="204" VPOS="901" HEIGHT="31" WIDTH="68" CONTENT="jungi" WC="0,85" />
            <String ID="Textword_226" HPOS="282" VPOS="908" HEIGHT="24" WIDTH="83" CONTENT="putat," WC="0,89" />
            <String ID="Textword_227" HPOS="383" VPOS="903" HEIGHT="32" WIDTH="108" CONTENT="adeoque" WC="0,91" />
          </TextLine>
          <TextLine ID="TextLine_27" HPOS="206" VPOS="934" HEIGHT="39" WIDTH="551">
            <String ID="Textword_228" HPOS="206" VPOS="934" HEIGHT="24" WIDTH="118" CONTENT="Alternare" WC="0,82" />
            <String ID="Textword_229" HPOS="337" VPOS="936" HEIGHT="29" WIDTH="74" CONTENT="vices," WC="0,34" />
            <String ID="Textword_230" HPOS="428" VPOS="935" HEIGHT="29" WIDTH="28" CONTENT="&amp;" WC="0,53" />
            <String ID="Textword_231" HPOS="466" VPOS="944" HEIGHT="24" WIDTH="54" CONTENT="quae" WC="0,90" />
            <String ID="Textword_232" HPOS="530" VPOS="938" HEIGHT="24" WIDTH="57" CONTENT="mode" WC="0,53" />
            <String ID="Textword_233" HPOS="590" VPOS="938" HEIGHT="32" WIDTH="93" CONTENT="femina" WC="0,90" />
            <String ID="Textword_234" HPOS="694" VPOS="946" HEIGHT="27" WIDTH="63" CONTENT="tergo" WC="0,80" />
          </TextLine>
          <TextLine ID="TextLine_28" HPOS="206" VPOS="966" HEIGHT="37" WIDTH="437">
            <String ID="Textword_235" HPOS="206" VPOS="966" HEIGHT="34" WIDTH="66" CONTENT="Paf}a" WC="0,27" />
            <String ID="Textword_236" HPOS="282" VPOS="976" HEIGHT="16" WIDTH="80" CONTENT="marem" WC="0,93" />
            <String ID="Textword_237" HPOS="374" VPOS="967" HEIGHT="33" WIDTH="43" CONTENT="ef," WC="0,27" />
            <String ID="Textword_238" HPOS="434" VPOS="977" HEIGHT="18" WIDTH="56" CONTENT="nunc" WC="0,92" />
            <String ID="Textword_239" HPOS="501" VPOS="970" HEIGHT="33" WIDTH="43" CONTENT="effe" WC="0,85" />
            <String ID="Textword_240" HPOS="556" VPOS="979" HEIGHT="18" WIDTH="87" CONTENT="marem." WC="0,89" />
          </TextLine>
          <TextLine ID="TextLine_29" HPOS="142" VPOS="998" HEIGHT="42" WIDTH="959">
            <String ID="Textword_241" HPOS="142" VPOS="998" HEIGHT="34" WIDTH="43" CONTENT="(de" WC="0,73" />
            <String ID="Textword_242" HPOS="192" VPOS="1000" HEIGHT="26" WIDTH="104" CONTENT="Generat." WC="0,92" />
            <String ID="Textword_243" HPOS="299" VPOS="1002" HEIGHT="33" WIDTH="93" CONTENT="duplici" WC="0,85" />
            <String ID="Textword_244" HPOS="399" VPOS="1011" HEIGHT="24" WIDTH="21" CONTENT="p." WC="0,88" />
            <String ID="Textword_245" HPOS="429" VPOS="1003" HEIGHT="33" WIDTH="68" CONTENT="281.)" WC="0,86" />
            <String ID="Textword_246" HPOS="504" VPOS="1004" HEIGHT="25" WIDTH="47" CONTENT="Alii" WC="0,58" />
            <String ID="Textword_247" HPOS="558" VPOS="1004" HEIGHT="34" WIDTH="213" CONTENT="Cucurbitinospro" WC="0,58" />
            <String ID="Textword_248" HPOS="781" VPOS="1009" HEIGHT="25" WIDTH="89" CONTENT="nucleis" WC="0,92" />
            <String ID="Textword_249" HPOS="877" VPOS="1011" HEIGHT="28" WIDTH="173" CONTENT="Taeniaelatae" WC="0,57" />
            <String ID="Textword_250" HPOS="1058" VPOS="1015" HEIGHT="25" WIDTH="43" CONTENT="ha-" WC="0,90" />
          </TextLine>
          <TextLine ID="TextLine_30" HPOS="140" VPOS="1032" HEIGHT="43" WIDTH="964">
            <String ID="Textword_251" HPOS="140" VPOS="1032" HEIGHT="26" WIDTH="101" CONTENT="buerunt" WC="0,91" />
            <String ID="Textword_252" HPOS="249" VPOS="1036" HEIGHT="33" WIDTH="167" CONTENT="‚ucSpigelius," WC="0,88" />
            <String ID="Textword_253" HPOS="424" VPOS="1036" HEIGHT="26" WIDTH="24" CONTENT="&amp;" WC="0,88" />
            <String ID="Textword_254" HPOS="454" VPOS="1038" HEIGHT="29" WIDTH="141" CONTENT="Sennertus;" WC="0,42" />
            <String ID="Textword_255" HPOS="603" VPOS="1038" HEIGHT="32" WIDTH="82" CONTENT="Andry" WC="0,92" />
            <String ID="Textword_256" HPOS="692" VPOS="1046" HEIGHT="17" WIDTH="41" CONTENT="eos" WC="0,80" />
            <String ID="Textword_257" HPOS="740" VPOS="1040" HEIGHT="26" WIDTH="95" CONTENT="nucleos" WC="0,80" />
            <String ID="Textword_258" HPOS="842" VPOS="1042" HEIGHT="33" WIDTH="175" CONTENT="fiveglandulas" WC="0,89" />
            <String ID="Textword_259" HPOS="1028" VPOS="1055" HEIGHT="16" WIDTH="13" CONTENT="a" WC="0,93" />
            <String ID="Textword_260" HPOS="1052" VPOS="1047" HEIGHT="25" WIDTH="52" CONTENT="laro" WC="0,58" />
          </TextLine>
          <TextLine ID="TextLine_31" HPOS="141" VPOS="1067" HEIGHT="41" WIDTH="962">
            <String ID="Textword_261" HPOS="141" VPOS="1071" HEIGHT="24" WIDTH="44" CONTENT="pro" WC="0,91" />
            <String ID="Textword_262" HPOS="194" VPOS="1067" HEIGHT="21" WIDTH="53" CONTENT="Ovis" WC="0,29" />
            <String ID="Textword_263" HPOS="261" VPOS="1074" HEIGHT="19" WIDTH="106" CONTENT="excretas" WC="0,90" />
            <String ID="Textword_264" HPOS="380" VPOS="1070" HEIGHT="23" WIDTH="23" CONTENT="in" WC="0,93" />
            <String ID="Textword_265" HPOS="417" VPOS="1071" HEIGHT="24" WIDTH="160" CONTENT="cucurbitinos" WC="0,90" />
            <String ID="Textword_266" HPOS="589" VPOS="1072" HEIGHT="24" WIDTH="104" CONTENT="crefcere" WC="0,92" />
            <String ID="Textword_267" HPOS="701" VPOS="1074" HEIGHT="28" WIDTH="109" CONTENT="putavit;" WC="0,91" />
            <String ID="Textword_268" HPOS="821" VPOS="1073" HEIGHT="27" WIDTH="105" CONTENT="fimiliter" WC="0,65" />
            <String ID="Textword_269" HPOS="935" VPOS="1085" HEIGHT="18" WIDTH="47" CONTENT="ova" WC="0,92" />
            <String ID="Textword_270" HPOS="991" VPOS="1079" HEIGHT="29" WIDTH="112" CONTENT="Taeniae" WC="0,90" />
          </TextLine>
          <TextLine ID="TextLine_32" HPOS="141" VPOS="1096" HEIGHT="42" WIDTH="962">
            <String ID="Textword_271" HPOS="141" VPOS="1104" HEIGHT="19" WIDTH="50" CONTENT="non" WC="0,45" />
            <String ID="Textword_272" HPOS="204" VPOS="1096" HEIGHT="33" WIDTH="133" CONTENT="fragmenta" WC="0,89" />
            <String ID="Textword_273" HPOS="347" VPOS="1101" HEIGHT="29" WIDTH="60" CONTENT="effe," WC="0,49" />
            <String ID="Textword_274" HPOS="416" VPOS="1102" HEIGHT="32" WIDTH="70" CONTENT="idque" WC="0,90" />
            <String ID="Textword_275" HPOS="495" VPOS="1104" HEIGHT="24" WIDTH="31" CONTENT="ob" WC="0,93" />
            <String ID="Textword_276" HPOS="539" VPOS="1103" HEIGHT="26" WIDTH="145" CONTENT="conftantem" WC="0,87" />
            <String ID="Textword_277" HPOS="700" VPOS="1104" HEIGHT="33" WIDTH="99" CONTENT="figuram," WC="0,86" />
            <String ID="Textword_278" HPOS="807" VPOS="1108" HEIGHT="28" WIDTH="121" CONTENT="credidit" WC="0,92" />
            <String ID="Textword_279" HPOS="938" VPOS="1111" HEIGHT="26" WIDTH="120" CONTENT="Ranchini" WC="0,88" />
            <String ID="Textword_280" HPOS="1069" VPOS="1113" HEIGHT="25" WIDTH="34" CONTENT="de" WC="0,96" />
          </TextLine>
          <TextLine ID="TextLine_33" HPOS="141" VPOS="1130" HEIGHT="44" WIDTH="963">
            <String ID="Textword_281" HPOS="141" VPOS="1130" HEIGHT="24" WIDTH="75" CONTENT="morb." WC="0,80" />
            <String ID="Textword_282" HPOS="224" VPOS="1137" HEIGHT="23" WIDTH="92" CONTENT="pueror." WC="0,89" />
            <String ID="Textword_283" HPOS="330" VPOS="1134" HEIGHT="25" WIDTH="62" CONTENT="Sedt," WC="0,00" />
            <String ID="Textword_284" HPOS="405" VPOS="1136" HEIGHT="23" WIDTH="29" CONTENT="II." WC="0,62" />
            <String ID="Textword_285" HPOS="443" VPOS="1143" HEIGHT="23" WIDTH="51" CONTENT="cap." WC="0,62" />
            <String ID="Textword_286" HPOS="503" VPOS="1139" HEIGHT="30" WIDTH="98" CONTENT="6.quam" WC="0,90" />
            <String ID="Textword_287" HPOS="614" VPOS="1138" HEIGHT="25" WIDTH="140" CONTENT="fententiam" WC="0,73" />
            <String ID="Textword_288" HPOS="768" VPOS="1139" HEIGHT="26" WIDTH="89" CONTENT="dudum" WC="0,91" />
            <String ID="Textword_289" HPOS="869" VPOS="1143" HEIGHT="31" WIDTH="144" CONTENT="improbavit" WC="0,87" />
            <String ID="Textword_290" HPOS="1019" VPOS="1145" HEIGHT="24" WIDTH="85" CONTENT="autor" WC="0,05" />
          </TextLine>
          <TextLine ID="TextLine_34" HPOS="141" VPOS="1162" HEIGHT="41" WIDTH="959">
            <String ID="Textword_291" HPOS="141" VPOS="1162" HEIGHT="25" WIDTH="66" CONTENT="Libri" WC="0,96" />
            <String ID="Textword_292" HPOS="220" VPOS="1162" HEIGHT="25" WIDTH="30" CONTENT="de" WC="0,93" />
            <String ID="Textword_293" HPOS="266" VPOS="1165" HEIGHT="25" WIDTH="87" CONTENT="morbis" WC="0,92" />
            <String ID="Textword_294" HPOS="364" VPOS="1167" HEIGHT="24" WIDTH="45" CONTENT="IV." WC="0,96" />
            <String ID="Textword_295" HPOS="427" VPOS="1168" HEIGHT="25" WIDTH="63" CONTENT="Edit." WC="0,93" />
            <String ID="Textword_296" HPOS="499" VPOS="1170" HEIGHT="25" WIDTH="65" CONTENT="Foef." WC="0,87" />
            <String ID="Textword_297" HPOS="577" VPOS="1178" HEIGHT="24" WIDTH="21" CONTENT="p." WC="0,91" />
            <String ID="Textword_298" HPOS="611" VPOS="1179" HEIGHT="22" WIDTH="55" CONTENT="sır." WC="0,28" />
            <String ID="Textword_299" HPOS="677" VPOS="1172" HEIGHT="24" WIDTH="44" CONTENT="Pfo" WC="0,90" />
            <String ID="Textword_300" HPOS="734" VPOS="1172" HEIGHT="26" WIDTH="113" CONTENT="Latorum" WC="0,92" />
            <String ID="Textword_301" HPOS="856" VPOS="1178" HEIGHT="23" WIDTH="157" CONTENT="excrementis" WC="0,90" />
            <String ID="Textword_302" HPOS="1021" VPOS="1177" HEIGHT="26" WIDTH="79" CONTENT="fumfit" WC="0,69" />
          </TextLine>
          <TextLine ID="TextLine_35" HPOS="141" VPOS="1196" HEIGHT="40" WIDTH="959">
            <String ID="Textword_303" HPOS="141" VPOS="1196" HEIGHT="33" WIDTH="175" CONTENT="Campolongus" WC="0,66" />
            <String ID="Textword_304" HPOS="323" VPOS="1197" HEIGHT="24" WIDTH="31" CONTENT="de" WC="0,66" />
            <String ID="Textword_305" HPOS="362" VPOS="1201" HEIGHT="33" WIDTH="180" CONTENT="vermibuscap." WC="0,92" />
            <String ID="Textword_306" HPOS="548" VPOS="1204" HEIGHT="22" WIDTH="17" CONTENT="1." WC="0,74" />
            <String ID="Textword_307" HPOS="576" VPOS="1204" HEIGHT="25" WIDTH="114" CONTENT="Immenfo" WC="0,88" />
            <String ID="Textword_308" HPOS="701" VPOS="1203" HEIGHT="33" WIDTH="69" CONTENT="faepe" WC="0,88" />
            <String ID="Textword_309" HPOS="777" VPOS="1215" HEIGHT="17" WIDTH="98" CONTENT="numero" WC="0,88" />
            <String ID="Textword_310" HPOS="882" VPOS="1216" HEIGHT="18" WIDTH="171" CONTENT="excernuntur:" WC="0,57" />
            <String ID="Textword_311" HPOS="1063" VPOS="1211" HEIGHT="24" WIDTH="37" CONTENT="fu-" WC="0,74" />
          </TextLine>
          <TextLine ID="TextLine_36" HPOS="140" VPOS="1229" HEIGHT="44" WIDTH="963">
            <String ID="Textword_312" HPOS="140" VPOS="1238" HEIGHT="23" WIDTH="43" CONTENT="pra" WC="0,89" />
            <String ID="Textword_313" HPOS="191" VPOS="1239" HEIGHT="17" WIDTH="54" CONTENT="200." WC="0,92" />
            <String ID="Textword_314" HPOS="252" VPOS="1238" HEIGHT="18" WIDTH="53" CONTENT="cum" WC="0,93" />
            <String ID="Textword_315" HPOS="315" VPOS="1229" HEIGHT="30" WIDTH="210" CONTENT="fruftulisTaeniae" WC="0,87" />
            <String ID="Textword_316" HPOS="532" VPOS="1236" HEIGHT="31" WIDTH="109" CONTENT="prodiiffe" WC="0,86" />
            <String ID="Textword_317" HPOS="652" VPOS="1237" HEIGHT="33" WIDTH="153" CONTENT="legiturapud" WC="0,54" />
            <String ID="Textword_318" HPOS="813" VPOS="1241" HEIGHT="24" WIDTH="136" CONTENT="Bianchium" WC="0,92" />
            <String ID="Textword_319" HPOS="960" VPOS="1249" HEIGHT="23" WIDTH="23" CONTENT="p-" WC="0,62" />
            <String ID="Textword_320" HPOS="994" VPOS="1249" HEIGHT="24" WIDTH="54" CONTENT="271." WC="0,55" />
            <String ID="Textword_321" HPOS="1056" VPOS="1244" HEIGHT="25" WIDTH="47" CONTENT="Fe=" WC="0,50" />
          </TextLine>
          <TextLine ID="TextLine_37" HPOS="140" VPOS="1264" HEIGHT="40" WIDTH="961">
            <String ID="Textword_322" HPOS="140" VPOS="1270" HEIGHT="16" WIDTH="26" CONTENT="re" WC="0,93" />
            <String ID="Textword_323" HPOS="176" VPOS="1265" HEIGHT="29" WIDTH="107" CONTENT="quotidie" WC="0,93" />
            <String ID="Textword_324" HPOS="293" VPOS="1264" HEIGHT="27" WIDTH="157" CONTENT="reddebantur" WC="0,92" />
            <String ID="Textword_325" HPOS="459" VPOS="1274" HEIGHT="16" WIDTH="13" CONTENT="a" WC="0,92" />
            <String ID="Textword_326" HPOS="485" VPOS="1268" HEIGHT="27" WIDTH="185" CONTENT="Couletiamico." WC="0,89" />
            <String ID="Textword_327" HPOS="676" VPOS="1271" HEIGHT="22" WIDTH="46" CONTENT="Sun" WC="0,42" />
            <String ID="Textword_328" HPOS="726" VPOS="1271" HEIGHT="24" WIDTH="38" CONTENT="hi" WC="0,89" />
            <String ID="Textword_329" HPOS="772" VPOS="1272" HEIGHT="24" WIDTH="121" CONTENT="cestiflima" WC="0,38" />
            <String ID="Textword_330" HPOS="901" VPOS="1274" HEIGHT="30" WIDTH="128" CONTENT="praefentis" WC="0,90" />
            <String ID="Textword_331" HPOS="1036" VPOS="1277" HEIGHT="24" WIDTH="65" CONTENT="Tae-" WC="0,92" />
          </TextLine>
          <TextLine ID="TextLine_38" HPOS="140" VPOS="1295" HEIGHT="40" WIDTH="963">
            <String ID="Textword_332" HPOS="140" VPOS="1295" HEIGHT="24" WIDTH="55" CONTENT="niae" WC="0,39" />
            <String ID="Textword_333" HPOS="206" VPOS="1296" HEIGHT="25" WIDTH="25" CONTENT="&amp;" WC="0,90" />
            <String ID="Textword_334" HPOS="241" VPOS="1298" HEIGHT="31" WIDTH="68" CONTENT="hujus" WC="0,91" />
            <String ID="Textword_335" HPOS="318" VPOS="1299" HEIGHT="32" WIDTH="192" CONTENT="quidem-fpeciei" WC="0,81" />
            <String ID="Textword_336" HPOS="518" VPOS="1302" HEIGHT="25" WIDTH="95" CONTENT="indicia." WC="0,87" />
            <String ID="Textword_337" HPOS="633" VPOS="1304" HEIGHT="24" WIDTH="96" CONTENT="Praeter" WC="0,64" />
            <String ID="Textword_338" HPOS="741" VPOS="1303" HEIGHT="25" WIDTH="60" CONTENT="hanc" WC="0,91" />
            <String ID="Textword_339" HPOS="814" VPOS="1305" HEIGHT="24" WIDTH="63" CONTENT="enim" WC="0,90" />
            <String ID="Textword_340" HPOS="886" VPOS="1305" HEIGHT="25" WIDTH="24" CONTENT="&amp;" WC="0,90" />
            <String ID="Textword_341" HPOS="921" VPOS="1308" HEIGHT="26" WIDTH="108" CONTENT="caninam" WC="0,92" />
            <String ID="Textword_342" HPOS="1039" VPOS="1310" HEIGHT="25" WIDTH="64" CONTENT="nulla" WC="0,76" />
          </TextLine>
          <TextLine ID="TextLine_39" HPOS="139" VPOS="1327" HEIGHT="44" WIDTH="962">
            <String ID="Textword_343" HPOS="139" VPOS="1327" HEIGHT="33" WIDTH="115" CONTENT="oblongos" WC="0,92" />
            <String ID="Textword_344" HPOS="268" VPOS="1330" HEIGHT="25" WIDTH="26" CONTENT="&amp;" WC="0,93" />
            <String ID="Textword_345" HPOS="309" VPOS="1333" HEIGHT="25" WIDTH="134" CONTENT="cucurbitae" WC="0,53" />
            <String ID="Textword_346" HPOS="461" VPOS="1333" HEIGHT="25" WIDTH="83" CONTENT="femini" WC="0,92" />
            <String ID="Textword_347" HPOS="562" VPOS="1335" HEIGHT="25" WIDTH="83" CONTENT="fimiles" WC="0,91" />
            <String ID="Textword_348" HPOS="660" VPOS="1336" HEIGHT="25" WIDTH="109" CONTENT="artieulos" WC="0,90" />
            <String ID="Textword_349" HPOS="784" VPOS="1336" HEIGHT="32" WIDTH="117" CONTENT="demittic," WC="0,35" />
            <String ID="Textword_350" HPOS="920" VPOS="1341" HEIGHT="30" WIDTH="62" CONTENT="quod" WC="0,92" />
            <String ID="Textword_351" HPOS="995" VPOS="1341" HEIGHT="27" WIDTH="26" CONTENT="&amp;" WC="0,92" />
            <String ID="Textword_352" HPOS="1032" VPOS="1343" HEIGHT="26" WIDTH="69" CONTENT="fenfit" WC="0,88" />
          </TextLine>
          <TextLine ID="TextLine_40" HPOS="138" VPOS="1360" HEIGHT="48" WIDTH="962">
            <String ID="Textword_353" HPOS="138" VPOS="1360" HEIGHT="25" WIDTH="121" CONTENT="Linnaeus" WC="0,92" />
            <String ID="Textword_354" HPOS="277" VPOS="1363" HEIGHT="26" WIDTH="58" CONTENT="Di." WC="0,62" />
            <String ID="Textword_355" HPOS="358" VPOS="1374" HEIGHT="23" WIDTH="22" CONTENT="p." WC="0,90" />
            <String ID="Textword_356" HPOS="396" VPOS="1374" HEIGHT="24" WIDTH="36" CONTENT="ız." WC="0,71" />
            <String ID="Textword_357" HPOS="454" VPOS="1367" HEIGHT="25" WIDTH="60" CONTENT="male" WC="0,93" />
            <String ID="Textword_358" HPOS="532" VPOS="1368" HEIGHT="31" WIDTH="152" CONTENT="reprehenfus" WC="0,76" />
            <String ID="Textword_359" HPOS="700" VPOS="1376" HEIGHT="16" WIDTH="12" CONTENT="a" WC="0,92" />
            <String ID="Textword_360" HPOS="729" VPOS="1368" HEIGHT="25" WIDTH="71" CONTENT="Do&amp;t." WC="0,73" />
            <String ID="Textword_361" HPOS="814" VPOS="1378" HEIGHT="16" WIDTH="47" CONTENT="van" WC="0,93" />
            <String ID="Textword_362" HPOS="876" VPOS="1371" HEIGHT="30" WIDTH="130" CONTENT="Doeveren" WC="0,90" />
            <String ID="Textword_363" HPOS="1023" VPOS="1385" HEIGHT="23" WIDTH="23" CONTENT="pP:" WC="0,50" />
            <String ID="Textword_364" HPOS="1059" VPOS="1384" HEIGHT="17" WIDTH="41" CONTENT="12." WC="0,81" />
          </TextLine>
          <TextLine ID="TextLine_41" HPOS="138" VPOS="1392" HEIGHT="47" WIDTH="962">
            <String ID="Textword_365" HPOS="138" VPOS="1392" HEIGHT="24" WIDTH="32" CONTENT="Et" WC="0,93" />
            <String ID="Textword_366" HPOS="182" VPOS="1394" HEIGHT="30" WIDTH="39" CONTENT="qui" WC="0,93" />
            <String ID="Textword_367" HPOS="234" VPOS="1394" HEIGHT="28" WIDTH="104" CONTENT="Taenias" WC="0,91" />
            <String ID="Textword_368" HPOS="351" VPOS="1400" HEIGHT="30" WIDTH="60" CONTENT="ipfas" WC="0,92" />
            <String ID="Textword_369" HPOS="425" VPOS="1401" HEIGHT="24" WIDTH="61" CONTENT="bene" WC="0,93" />
            <String ID="Textword_370" HPOS="500" VPOS="1402" HEIGHT="24" WIDTH="129" CONTENT="noveritex" WC="0,90" />
            <String ID="Textword_371" HPOS="642" VPOS="1402" HEIGHT="31" WIDTH="170" CONTENT="prodeuntibus" WC="0,89" />
            <String ID="Textword_372" HPOS="824" VPOS="1403" HEIGHT="33" WIDTH="70" CONTENT="fignis" WC="0,92" />
            <String ID="Textword_373" HPOS="906" VPOS="1409" HEIGHT="29" WIDTH="131" CONTENT="quamlibet" WC="0,56" />
            <String ID="Textword_374" HPOS="1051" VPOS="1410" HEIGHT="29" WIDTH="49" CONTENT="fpe-" WC="0,84" />
          </TextLine>
          <TextLine ID="TextLine_42" HPOS="140" VPOS="1424" HEIGHT="43" WIDTH="963">
            <String ID="Textword_375" HPOS="140" VPOS="1424" HEIGHT="24" WIDTH="63" CONTENT="ciem" WC="0,72" />
            <String ID="Textword_376" HPOS="220" VPOS="1425" HEIGHT="28" WIDTH="71" CONTENT="facile" WC="0,91" />
            <String ID="Textword_377" HPOS="304" VPOS="1430" HEIGHT="32" WIDTH="134" CONTENT="dignofeer." WC="0,43" />
            <String ID="Textword_378" HPOS="474" VPOS="1432" HEIGHT="34" WIDTH="47" CONTENT="Qui" WC="0,93" />
            <String ID="Textword_379" HPOS="535" VPOS="1435" HEIGHT="26" WIDTH="164" CONTENT="cucurbitinos" WC="0,89" />
            <String ID="Textword_380" HPOS="717" VPOS="1435" HEIGHT="25" WIDTH="24" CONTENT="in" WC="0,92" />
            <String ID="Textword_381" HPOS="760" VPOS="1435" HEIGHT="27" WIDTH="117" CONTENT="Taeniam" WC="0,91" />
            <String ID="Textword_382" HPOS="898" VPOS="1441" HEIGHT="26" WIDTH="153" CONTENT="eoncatenari" WC="0,77" />
            <String ID="Textword_383" HPOS="1065" VPOS="1440" HEIGHT="25" WIDTH="38" CONTENT="di-" WC="0,92" />
          </TextLine>
          <TextLine ID="TextLine_43" HPOS="139" VPOS="1464" HEIGHT="37" WIDTH="966">
            <String ID="Textword_384" HPOS="139" VPOS="1464" HEIGHT="24" WIDTH="79" CONTENT="eunt," WC="0,14" />
            <String ID="Textword_385" HPOS="239" VPOS="1467" HEIGHT="17" WIDTH="41" CONTENT="e0s" WC="0,11" />
            <String ID="Textword_386" HPOS="299" VPOS="1470" HEIGHT="21" WIDTH="174" CONTENT="concatenatae" WC="0,81" />
            <String ID="Textword_387" HPOS="494" VPOS="1466" HEIGHT="26" WIDTH="106" CONTENT="Taeniae" WC="0,71" />
            <String ID="Textword_388" HPOS="621" VPOS="1468" HEIGHT="33" WIDTH="65" CONTENT="figna" WC="0,76" />
            <String ID="Textword_389" HPOS="701" VPOS="1469" HEIGHT="25" WIDTH="125" CONTENT="neceffaria" WC="0,91" />
            <String ID="Textword_390" HPOS="843" VPOS="1478" HEIGHT="18" WIDTH="47" CONTENT="non" WC="0,93" />
            <String ID="Textword_391" HPOS="914" VPOS="1473" HEIGHT="25" WIDTH="47" CONTENT="effe" WC="0,92" />
            <String ID="Textword_392" HPOS="979" VPOS="1473" HEIGHT="25" WIDTH="126" CONTENT="affrmant." WC="0,37" />
          </TextLine>
          <TextLine ID="TextLine_44" HPOS="136" VPOS="1490" HEIGHT="69" WIDTH="969">
            <String ID="Textword_393" HPOS="136" VPOS="1490" HEIGHT="29" WIDTH="96" CONTENT="Verum" WC="0,82" />
            <String ID="Textword_394" HPOS="245" VPOS="1493" HEIGHT="28" WIDTH="66" CONTENT="latus" WC="0,92" />
            <String ID="Textword_395" HPOS="329" VPOS="1496" HEIGHT="29" WIDTH="128" CONTENT="lumbrieus" WC="0,50" />
            <String ID="Textword_396" HPOS="476" VPOS="1507" HEIGHT="19" WIDTH="30" CONTENT="ex" WC="0,84" />
            <String ID="Textword_397" HPOS="525" VPOS="1501" HEIGHT="26" WIDTH="29" CONTENT="iis" WC="0,71" />
            <String ID="Textword_398" HPOS="574" VPOS="1508" HEIGHT="19" WIDTH="48" CONTENT="non" WC="0,44" />
            <String ID="Textword_399" HPOS="639" VPOS="1504" HEIGHT="55" WIDTH="152" CONTENT="somponitur" WC="0,91" />
            <String ID="Textword_400" HPOS="807" VPOS="1503" HEIGHT="26" WIDTH="40" CONTENT="fed" WC="0,93" />
            <String ID="Textword_401" HPOS="860" VPOS="1505" HEIGHT="26" WIDTH="94" CONTENT="unicum" WC="0,92" />
            <String ID="Textword_402" HPOS="970" VPOS="1506" HEIGHT="26" WIDTH="33" CONTENT="efi" WC="0,16" />
            <String ID="Textword_403" HPOS="1015" VPOS="1505" HEIGHT="29" WIDTH="90" CONTENT="animal" WC="0,96" />
          </TextLine>
          <TextLine ID="TextLine_45" HPOS="139" VPOS="1537" HEIGHT="32" WIDTH="968">
            <String ID="Textword_404" HPOS="139" VPOS="1537" HEIGHT="12" WIDTH="38" CONTENT="_" WC="0,00" />
            <String ID="Textword_405" HPOS="340" VPOS="1549" HEIGHT="9" WIDTH="11" CONTENT="." WC="0,77" />
            <String ID="Textword_406" HPOS="736" VPOS="1542" HEIGHT="19" WIDTH="55" CONTENT="22%" WC="0,49" />
            <String ID="Textword_407" HPOS="1063" VPOS="1546" HEIGHT="23" WIDTH="44" CONTENT="eur" WC="0,29" />
          </TextLine>
        </TextBlock>
      </PrintSpace>
    </Page>
  </Layout>
</alto>
