1192 1608
88 74 34 41 ©
186 70 266 55 DISSBRTATIO
461 88 166 29 MEDICA
642 92 289 33 INAUGURALIS.

89 147 76 33 vulga
175 144 133 34 .Abtinere,
331 147 92 27 adultos
439 156 13 18 a
467 150 94 26 Täenia
575 152 91 33 faepius
677 155 70 24 male.
754 154 96 33 haberi,
864 146 102 44 juvenes
976 162 76 27 farius

88 180 134 26 verminare
239 180 94 31 reliquis
349 182 135 30 aetatibus,
507 183 26 26 &
551 192 30 17 ex
598 193 76 24 Parvo
689 194 99 18 numero
803 190 176 33 decrepitorum
991 203 69 24 pau-.

87 213 109 25 cifiimos.
230 212 46 25 Sed
292 212 116 28 faris.effe
428 215 89 27 dillum
533 223 72 26 puto,
631 224 72 28 atque
716 227 31 18 ne
757 220 25 24 in
792 221 94 31 Spiffum
886 225 172 33 adolefcerer

87 246 149 25 volominem
253 244 107 34 juvenile
377 247 121 32 fpecimen
512 267 9 13 ,„
546 251 164 27 contrahenda
728 258 50 20 erat
800 255 105 25 maäteria,
942 258 65 35 Quin
1022 262 28 27 &

86 279 50 32 jam
147 278 69 25 nimis
228 279 73 25 multa
311 280 88 32 repetii
417 283 91 25 centies
519 283 75 31 di£ta,
611 293 98 24 quarum
726 286 78 34 aliqua
812 287 120 28 ad.novos
944 293 53 24 ufüs
1011 294 37 26 dis

86 312 52 24 rexi
152 311 161 32 plurima:pro
325 314 178 31 complemento
512 316 141 32 interferui;
670 319 41 25 fed
715 319 161 34 pauciflima,
893 329 26 19 ut
929 326 74 33 vulgo
1014 327 35 25 fo.

86 345 49 29 ler,
155 351 63 18 nova
230 345 88 25 addidi.
353 347 25 24 Si
394 346 24 25 in
433 347 99 35 hiftoria
550 349 84 26 horum
645 354 117 25 vermium
775 357 101 23 naturali
886 357 63 25 forte
961 360 88 24 nimius

85 376 193 31 fuiffe:videbor,
300 378 78 26 ärdori
392 387 46 24 quo
454 380 31 24 ad
500 388 52 18 eam
568 382 62 26 feror
649 384 58 26 illud
725 387 183 30 condpnandum
920 390 47 25 efle
978 399 68 25 puto.

86 410 186 25 Obfervatorum
283 412 46 24 erit
346 412 85 24 farcire
446 412 57 31 ifta,
525 418 130 22 amicorum
670 418 97 31 juvare,
785 422 123 27 cenforum
918 426 136 31 reprehen®

86 442 74 31 dere,
180 449 23 19 at
215 444 84 31 qyibus
311 445 77 34 opella
402 444 78 26 noftra
493 453 48 18 non
555 447 132 33 difplicuit,
704 451 107 31 plaufum
819 453 63 26 date,
912 473 6 7 .

221 621 38 32 @
329 641 6 6 .
421 638 41 21 A
