1184 1608
61 1456 6 46 |

330 68 565 44 INAUGURA-LIS
1065 101 36 26 58

176 136 77 31 Defer.
272 135 183 32 Corpus-album
474 138 183 33 fubdiaphanum
668 159 7 10 ,
701 142 88 27 Hneare
804 145 129 26 antrorfum
948 150 69 29 paulo
1028 151 71 26 latius

143 167 129 34 depreffum
282 185 6 12 ,
302 169 105 26 obfolete
421 170 108 34 rugofum
542 190 7 11 ,
567 172 139 32 roftratum,
722 182 63 24 pone
799 178 114 26 obtufüm.
949 181 109 26 Roftrum
1074 192 24 17 e-

143 201 81 26 miflile
236 203 105 30 corporis
353 203 117 26 diametro
482 205 108 32 longius,
607 206 86 25 lineare
707 214 61 19 teres
786 215 148 28 truncatum,,
949 215 84 24 aculeis
1046 217 52 24 fub-

141 233 106 26 ulifimis
258 235 104 26 retrorfis
379 237 104 31 undique
493 237 116 31 hifpidum
620 247 8 20 ;
645 240 62 24 intra
728 249 84 24 corpus
829 243 183 30 femiretradtum
1025 249 73 31 papil-

142 268 45 23 lam
200 268 112 25 tumidam
323 269 95 31 fpinulis
432 275 136 19 coronatam
586 271 74 25 refert
678 272 74 27 fimile
768 276 78 31 capite
858 277 108 29 Taeniae
976 290 14 16 a
1000 281 97 32 T’yfone

140 300 137 28 delineato,
294 306 124 26 totumque
429 302 98 28 recondi
539 303 85 30 poteft,

172 332 27 24 In
213 331 104 25 Pifeibus
330 339 80 18 earım
425 333 175 33 longitudinem
618 344 13 17 a
645 336 62 26 linea
725 345 72 26 usque
812 339 27 25 ad
850 339 124 28 dimidium
986 347 111 29 pollicem

140 371 99 25 aequare
254 364 63 29 vidi;
334 372 29 17 ex
374 373 72 18 ranae
465 366 112 26 inteflino
599 369 92 25 unicam
706 371 76 25 habeo
795 374 79 30 pollici
891 376 121 31 aequalem
1023 380 74 24 roftro

140 396 75 27 brevi.
252 396 70 25 Color
333 398 81 31 albus,
429 408 82 17 verum
526 401 24 24 in
568 401 87 26 Trutta
671 409 91 19 tantum
778 413 48 17 non
837 413 82 19 omnes
935 409 87 31 duplidi
1037 412 58 25 ferie

139 428 138 33 pundiorum
295 429 47 26 five
363 431 138 26 lineolarım
527 436 187 25 transverfalium
728 456 7 12 ,
766 439 106 26 coccinei
890 443 38 23 vel
951 443 144 27 cinnabarini

132 469 100 25 ‚quoque
246 463 86 25 coloris
341 472 43 23 per
395 465 174 31 longitudinem
582 474 120 19 notantur.

172 495 134 25 Subftantia
327 496 50 26 fere
396 498 121 25 uniformis
529 506 7 21 ;
561 499 40 24 fed
621 507 13 17 a
648 501 73 25 roftro
739 505 125 25 retrorfum
884 506 100 27 tendunt
997 507 98 29 funiculi

137 528 48 24 duo
194 528 129 31 latiufeuli,
339 531 69 31 opaci
425 531 28 25 ad
473 531 174 33 longitudinem
658 534 69 32 ipfius
739 536 68 26 roftri
820 540 132 31 terminati,
971 541 62 25 forte
1042 550 51 18 mu-

139 561 111 25 fculares.
393 572 6 4 ’
630 576 4 4 ’
786 580 4 3 °

170 594 99 25 Truttas
285 596 108 31 juniores
409 604 92 24 gquoque
519 598 112 25 infeftant
644 599 115 32 ftupendo
783 602 69 33 faepe
869 606 108 30 agmine,
995 608 98 31 figuram

136 627 76 28 magis
223 628 109 22 minusve
342 628 128 30 depreilam
484 630 36 22 vel
532 635 102 18 tererem
648 631 128 30 habentes,
788 635 60 22 inter
855 638 178 29 rugasinteftini
1045 640 48 25 aff-

135 663 46 20 xae
191 655 51 26 fere
253 657 202 31 immobiles;Sed
465 660 92 26 avulfae
567 662 99 26 roftrum
680 664 124 26 retrahunt
811 674 78 21 ‚motu
900 668 54 26 fatis
966 669 127 30 vehemen-

136 691 21 25 ti
167 689 47 26 fefe
225 695 158 27 contorquent
397 708 9 13 ,
433 693 106 31 arrigunt
558 696 176 30 extremitates,
757 702 97 29 tumque
866 703 227 31 perpendiculariter

135 722 108 26 deorfum
263 722 231 30 direttum.roftrum
515 726 92 33 impetu
623 728 102 33 quodam
744 730 24 25 in
786 732 105 27 villofam
907 736 98 33 adigunt
1020 744 71 27 atque

134 755 108 33 defigunt
248 773 9 14 ‚
265 756 65 34 quod
337 757 56 27 inde
404 758 32 25 ob
445 759 99 25 tenellos
554 761 84 25 hamos
646 763 132 33 aegerrime
788 767 74 31 cedit,
872 775 24 18 ut
906 770 86 26 vermis
1001 771 93 26 abrum-

133 795 71 25 patur
217 790 70 32 facpe
296 791 82 26 relifto
395 792 81 26 roftro.
487 794 37 24 "In
535 801 60 26 aqua
606 795 86 33 frigida
705 796 77 26 ftatim
794 806 109 25 torpent,
921 803 169 25 contrahuntur

132 822 26 24 in
171 828 102 18 teretem
287 823 102 24 fornam
404 824 26 23 &
439 832 98 28 recepto
548 834 43 21 per
601 834 71 23 poros
691 829 99 23 humore
801 830 155 34 Tummopere
971 841 115 26 turgent,

132 852 64 34 quod
208 852 64 27 idem
290 854 25 23 in
326 853 82 31 fpiritu
420 856 51 22 vini
471 856 106 24 accidit.
890 876 4 3 -
1032 880 5 5 .

129 905 8 4 -
166 884 125 25 Vermium
299 885 49 31 jam
362 885 186 32 frequentioram
561 889 62 25 intra
638 891 110 25 animalia
764 893 134 29 viventium
913 897 125 33 fpecialem
1053 900 34 27 hi-

132 917 93 27 ftoriam
243 923 118 28 utcımque
372 918 57 26 ftiti.
463 920 105 25 Ukterius
584 924 99 25 extendi
704 924 111 32 potuifler
830 928 95 28 dicendi
942 931 111 32 ftadium,
1072 935 16 24 fi

131 958 95 17 vermes
240 951 120 30 capillares
378 952 62 24 inıra
455 952 122 32 glandulas
592 954 26 25 &
634 956 117 25 folliculos
763 959 151 33 animalium,
932 971 40 18 aut
985 966 102 25 monftra

132 984 65 26 varia
208 985 23 24 in
245 984 118 32 pifcibus,
380 985 118 25 Lernaeas
515 986 110 38 (qualem
644 996 74 24 nuper
734 997 31 18 ex
779 991 60 26 Gadi
854 996 128 33 tripterygii
993 1016 6 11 ,
1009 1000 77 24 -cauda

128 1018 89 30 asguali
235 1017 12 33 (
254 1018 147 35 Kabeljauw)
418 1019 118 26 branchiis
551 1025 25 19 ut
593 1020 94 26 viderur
700 1022 90 26 elotam
801 1042 8 12 ,
831 1028 96 33 egregie
945 1029 142 34 delineavir,

129 1050 28 24 C.
175 1050 138 25 Nofemann
325 1053 24 24 in
368 1055 127 30 uirgemgie
513 1053 185 34 Verhandelingen
716 1057 34 23 uit
764 1057 25 24 de
806 1060 85 25 werken
909 1061 37 26 der
957 1063 130 27 Societeiten

128 1082 48 25 &c.
193 1081 57 33 Vol.
264 1083 30 22 II.
310 1092 24 23 p.
352 1088 55 24 282.
426 1086 62 24 Tab.
505 1086 69 34 14.),
592 1088 158 26 Hirudinellas
766 1091 90 31 aliaque
868 1101 14 17 a
897 1102 39 18 me
951 1104 77 25 quoque
1030 1099 57 23 in-

129 1119 72 20 venta
210 1114 88 24 addere
309 1117 134 29 rolmfem,
461 1119 38 23 fed
510 1120 122 26 academici
634 1121 89 25 libelli
732 1129 88 19 meram
834 1126 117 28 excedere
961 1130 82 29 timui,
1059 1129 27 26 &

127 1146 64 26 forte
203 1145 99 25 nimium
316 1148 49 30 jam
382 1150 103 30 prolixus
504 1152 24 24 in
545 1152 36 25 his
597 1154 104 25 minutiis
719 1153 68 27 fuiffe
799 1157 101 27 videbor
908 1180 7 10 ,
932 1169 87 24 guarum
1032 1164 54 23 bene

126 1187 82 25 magna
218 1185 54 26 pars
282 1180 64 29 juvat
356 1184 73 29 ımagis
435 1191 75 23 ,quam
520 1185 92 32 prodeft.
623 1188 94 24 Plenam
731 1188 80 35 itaque
825 1192 118 25 hiftoriam
953 1194 132 26 viventium

126 1214 62 24 intra
199 1213 106 25 viventia
326 1216 120 22 maturiori
465 1215 93 26 fervans
575 1220 162 32 experientiae
753 1240 8 12 ,
782 1223 29 24 ad
830 1232 28 16 ca
870 1232 103 24 propero
985 1233 58 24 quae
1054 1227 31 26 de

126 1246 101 32 Origine
241 1254 81 18 eorum
335 1246 150 26 adneltanda
500 1249 140 33 fuperfunt,
663 1253 26 23 &
696 1255 74 29 plura
783 1255 14 24 de
799 1255 72 24 iftis
882 1256 81 32 legere
976 1259 106 29 cupienti

125 1279 107 23 Redium
246 1279 136 25 verfandum
392 1279 66 26 trado
468 1297 6 11 ,
493 1281 38 30 qui
549 1283 59 25 mira
626 1291 54 18 cura
693 1290 70 26 atque
778 1285 123 34 diligentia
913 1289 60 26 haec
986 1296 96 22 naturae

102 1306 4 4 “
123 1310 116 26 miracula
255 1311 25 24 in
292 1313 103 29 minimis
410 1314 136 32 profecatus
559 1315 42 26 eff,

119 1400 9 5 .
307 1379 63 29 DE
409 1378 205 32 ORIGINE
654 1382 239 31 VERMIUM.

284 1426 127 33 prasfertim
440 1427 95 25 Taeniae
556 1435 64 26 atque
634 1431 113 24 Lumbrici
763 1434 23 22 in
804 1433 118 33 inteflinis.

118 1458 9 5 “
511 1482 8 5 r
639 1484 4 5 .
864 1484 12 9 .
1059 1481 8 10 +

115 1493 12 7 «
150 1478 100 26 Deortu
260 1479 209 34 Scolopendrarum,
472 1482 144 35 aliorumque
619 1484 158 34 infe&torum
784 1494 186 27 peregrinorum,
979 1495 38 20 aut
1024 1489 53 26 Fas-

677 1518 54 33 G'3
1027 1524 49 25 cio-
