1192 1608
110 1478 9 8 r

348 104 571 33 INAUGURALIS
1084 125 36 24 45

156 160 153 26 cucurbitinis
321 161 112 27 füblatam
447 165 99 24 Kramer
554 166 128 26 Theorem.
698 168 132 31 deLumbr.
848 172 106 25 Vindob.
965 179 102 27 1753.P.
1078 184 38 17 To.

155 194 82 24 refert.
261 193 30 25 Et
305 195 126 26 ceflantem
447 198 113 24 bulimum
580 199 82 25 edu&ta
674 201 93 25 Taenia
786 210 29 23 25
838 205 135 25 cubitorum
995 208 124 31 Augenius

154 224 73 32 Epift.
240 225 25 26 &
280 230 62 23 conf.
366 230 70 24 Tom.
454 231 30 23 II.
509 232 52 23 Lib.
577 234 20 22 6.
621 241 37 22 ep.
675 241 39 23 33.
737 235 89 24 Miram
839 237 182 32 fymptomatum
1033 240 84 27 feriem

155 259 29 23 ab
199 259 43 25 hac
254 261 92 25 Taenia
364 270 105 16 ortorum
488 262 119 33 deferipfit
626 266 116 25 Rofenius
755 268 23 22 in
801 267 80 25 A&tor.
902 271 82 24 Holm,
1000 273 60 25 Vol,
1076 274 42 26 IX.

152 290 46 26 Ed.
217 293 80 24 Germ.
316 302 22 23 p.
354 302 53 23 130.
426 294 44 32 feq.
491 296 147 26 obfervatam
651 299 22 23 in
685 300 61 24 binis
759 300 127 31 fratribus,
904 302 25 24 &
943 305 43 23 alia
1002 307 115 31 quaedam

152 323 125 33 fingularia
289 327 23 22 in
328 326 86 25 ruflico
426 328 81 30 Idem,
525 337 97 23 quorum
640 330 81 26 fimilia
735 333 111 25 videntur
861 342 186 21 commemorata
1064 340 54 25 fuif-

152 357 24 25 fe
193 358 72 23 Libro
280 358 45 24 IV.
349 358 30 26 de
395 361 106 30 morbis,
523 363 39 24 ubi
579 362 140 27 lumbricum
739 366 72 24 latum
833 368 140 32 quandoque
993 372 27 22 ad
1044 373 73 32 hepar

153 390 83 23 afflire
253 389 25 25 &
296 398 49 18 tum
364 394 113 31 velfputa
494 393 95 31 fluere,
610 397 96 24 fubinde
725 397 26 25 &
774 407 84 18 vocem
876 401 108 32 intercipi
1001 403 115 34 legimus,

153 421 25 24 &
190 429 12 16 a
214 422 74 25 Clufio
303 425 24 23 in
345 426 79 23 Schol.
446 427 29 23 ad
494 428 111 24 Monard.
629 429 30 25 de
675 432 112 23 verbena.
815 433 71 25 Paulo
906 435 91 25 diverfa
1019 436 96 34 fereque

150 455 111 31 graviora
274 459 106 24 recenfet
390 458 112 33 Vieuffens
515 460 36 24 Tr.
568 462 23 23 de
602 462 21 24 la
642 463 99 26 Maladie
762 465 25 23 de
805 466 47 24 Mr.
871 468 79 24 Manot
972 469 24 24 de
1007 470 109 33 Bergerat

150 490 90 30 artaque
250 490 27 23 du
283 491 110 31 folitaire.

183 522 27 22 In
224 523 140 24 animalibus
383 532 47 15 non
445 526 93 22 minora
554 526 67 32 faepe
637 529 111 29 prodücit
766 531 67 23 mala.
868 533 24 22 Si
908 533 96 30 quidem
1017 536 96 25 mörbos

149 552 97 26 lethales
268 555 24 23 in
310 556 97 24 canibus
427 565 13 16 a
465 558 91 24 Taenia
582 560 140 33 contingere
744 562 113 25 viderunt
883 565 128 26 Peirefeius
1034 568 11 31 (
1057 569 57 24 Gaf-

148 584 66 25 fend.
233 587 23 23 in
272 588 49 24 vita
336 589 48 31 ej.)
403 588 25 25 &
446 590 119 24 Fabrieius
589 592 14 22 I.
620 600 20 15 c.
658 602 23 22 p.
699 600 39 24 23.
758 595 79 24 Flatus
854 595 25 25 &
894 597 172 35 borborygmos
1088 602 24 25 in

149 619 96 22 Canibus
262 619 91 30 femper
373 622 102 27 excitat,
499 622 105 31 itemque
620 626 113 27 pruritum
751 626 56 24 reeti
820 628 121 30 ingentem
955 633 61 28 quod
1034 640 29 17 ex
1077 635 36 24 in-

148 649 138 33 quietudine
301 650 62 31 figue
374 659 68 16 anum
455 652 25 24 &
494 653 80 25 clunes
586 656 116 24 verrendo
715 657 29 24 ad
761 658 104 25 furorem
881 668 72 25 usque
968 663 96 27 feabere
1072 668 36 24 vi-

148 681 69 29 deas,
241 683 136 30 cognofces.
414 684 116 25 Pruritum
550 686 63 26 hunc
627 689 128 25 immanem
782 692 86 24 exituri
886 696 143 25 eueurbitini
1047 699 65 26 circa

146 713 144 32 fphineteres
301 717 117 29 exeitant,
436 718 35 23 uti
485 719 23 23 in
526 720 77 23 amico
614 728 93 26 quoque
720 722 40 25 fuo
770 731 109 25 expertus
891 726 33 24 eft
935 728 86 26 Coulet
1039 739 70 24 p.ı2.

147 747 145 31 gravitatem
297 747 82 27 etiam
394 751 94 24 caufant
502 750 25 26 &
544 758 130 21 tenesmum
694 755 31 25 id.
744 764 23 24 p.
785 764 54 24 219.
875 759 22 24 Is
913 766 79 21 tamen
1008 766 103 29 Proritus

145 780 25 24 in
185 781 97 26 canibus
300 782 97 27 fubinde
413 793 12 16 a
440 786 85 31 pituita
542 786 88 26 fübacri
647 788 89 29 retum
755 790 117 27 erodente
889 794 74 24 oritur
974 803 7 22 ;
1000 799 72 29 qualis
1083 799 26 24 &

144 813 25 24 in
183 816 70 22 nobis
264 816 68 30 faepe
342 818 114 24 afcaridas
468 820 96 22 mentiri
577 820 64 24 foler.

177 845 131 24 Perforaffe
329 849 62 22 hanc
408 850 117 22 Taeniam
550 851 109 26 inteftina
682 853 91 24 conftat
796 862 30 16 ex
850 856 168 28 obfervatione
1040 862 67 26 Will,
1133 872 5 3 -

145 877 106 24 Courten
266 879 23 22 in
300 879 59 23 Phil.
374 880 83 24 Tranf:
475 889 22 16 n.
512 888 53 23 335.
583 883 71 30 quiin
664 884 97 28 diffeto
772 893 58 18 cane
844 888 67 25 binas
923 890 81 30 5;&6
1021 895 87 32 fpitha-

144 917 92 17 marum
255 910 166 34 perforaraque
439 914 28 22 ab
487 914 28 23 iis
531 914 110 30 intefting
653 940 7 12 ‚
686 917 25 25 &
722 919 103 24 alteram
846 921 100 27 dimidio
965 931 92 21 tantum
1073 931 34 24 fui

146 943 106 30 corporis
265 949 65 19 extra
345 952 28 16 ea
385 944 111 33 egreflam
515 946 97 25 invenit.

177 976 69 24 Haec
257 975 88 33 fpecies
352 979 136 31 ceteroguin
496 985 81 18 curatu
585 980 136 27 difficillima
728 983 33 25 eft
768 1002 9 12 »
786 983 79 28 &non
874 987 70 27 facile
959 992 41 23 nifi
1010 1001 41 24 per
1058 994 47 25 fru-

143 1008 34 24 fta
188 1010 85 32 expelli
285 1011 91 31 poteft,
383 1012 30 25 ob
425 1012 181 25 teneritudinem
614 1017 103 29 corporis
727 1035 7 10 ,
745 1020 131 24 maximein
883 1022 122 31 jun&uris.
1019 1026 90 26 Effica-

143 1040 89 24 eiffimo
240 1051 183 23 quoguearcano
429 1046 261 25 Herrenfchwandiano
700 1049 139 32 refragatur,
846 1060 46 23 quo
901 1061 63 18 tamen
967 1057 66 25 lata
1041 1059 61 25 Tae-

142 1071 39 24 nia
192 1071 62 24 haud
261 1074 72 25 dubio
340 1077 85 24 effe&tu
433 1083 49 19 tora
490 1086 52 16 cum
551 1078 38 25 filo
598 1081 118 24 exturbari
724 1081 59 25 folet
791 1100 7 12 ,
806 1084 51 24 Car.
867 1086 110 27 Bonnetl.
987 1098 20 16 cc.
1016 1095 86 27 p.482.

142 1103 98 24 videtur
253 1105 143 28 validiffimis
408 1112 155 30 purgantibus
575 1114 90 30 optime
679 1114 111 26 debellari
802 1116 78 31 pofle,
898 1119 25 25 &
934 1120 94 34 inprimis
1031 1125 70 30 hic,

143 1135 17 26 fi
172 1137 22 23 in
211 1135 143 33 feliguorum
370 1145 114 21 vermium
500 1146 136 30 euratione,
653 1147 111 33 jalappae
777 1150 48 23 vim
837 1151 138 27 laudandam
989 1157 91 23 cenfeo.

176 1168 114 35 Quamvis
303 1178 78 18 autem
393 1174 111 24 facillime
517 1177 155 32 diframpatur
689 1180 66 32 hüjus
767 1183 93 25 taeniae
879 1193 71 24 corpus
953 1195 27 20 ,
998 1195 101 24 magnae

141 1210 81 17 tamen
239 1203 47 24 vifa
306 1202 33 25 eft
357 1204 160 32 longitudinis.
551 1210 39 23 Sic
605 1219 109 18 carenam
730 1216 198 24 cucurbitinorum
949 1225 28 22 15
1000 1221 100 29 pedibus

140 1236 121 31 aequalem
280 1236 67 25 Alex.
368 1237 140 26 Benediötus
523 1256 8 12 ,
554 1245 171 24 cucurbitinum
748 1255 31 21 25
792 1248 25 23 &
837 1248 69 24 alium
920 1257 29 16 10
963 1252 135 26 cubitorum

137 1269 86 24 Horat.
240 1271 119 31 Augenius
378 1270 46 24 1.c.
439 1270 47 25 XV
503 1273 85 28 pedum
613 1278 107 31 copulam
738 1280 129 23 afcaridum
883 1288 13 16 e
914 1282 52 24 viro
989 1284 61 26 Petr,
1070 1287 31 25 de

139 1301 94 24 Albano
242 1303 57 24 Dil.
312 1313 55 16 tor.
376 1303 24 25 &
414 1305 34 22 16.
457 1304 86 31 pedum
552 1309 99 24 taeniam
659 1310 140 24 Sanchezde
806 1313 67 22 morb.
877 1314 99 25 intern.
992 1318 51 25 Lib.
1056 1320 42 25 JIL.

139 1341 21 16 c.
179 1342 34 22 14.
234 1334 96 26 habent.
349 1337 66 25 Edw.
428 1335 123 35 Tyfor24
560 1340 70 29 pedes
642 1348 140 25 aequantem
794 1343 25 24 &
829 1352 47 22 507
884 1347 104 27 articulis
999 1359 99 25 compo-
1122 1376 3 4 .

139 1367 67 24 fitam
222 1374 28 18 ex
260 1368 98 31 juvene,
369 1369 127 25 emulfione
506 1370 111 27 feminum
630 1374 151 32 frigidorum,,
790 1376 100 33 fugavit.
907 1381 122 28 Laciniam
1043 1387 55 28 gul-

138 1407 82 16 narum
238 1401 59 30 apud
315 1402 89 25 Celebr.
421 1404 161 30 WINTERUM,
600 1405 55 25 fatis
670 1408 59 23 heu!
757 1414 170 28 praematuris,
952 1419 145 23 eruditorum

138 1432 53 23 orbi
203 1440 120 23 ereptum,,
342 1436 61 23 vidit
414 1436 69 24 Do&t.
498 1443 43 17 van
557 1438 126 25 Doeveren
697 1440 56 25 Diff.
765 1450 22 24 p-
803 1445 36 22 16.
859 1445 22 23 A
893 1446 96 33 Nigrita
1005 1452 21 21 in
1034 1451 62 22 Suri-

138 1472 69 17 nama
217 1472 120 18 excretum
355 1469 122 24 multarum
489 1470 102 24 ulnarum
603 1472 67 32 hujus
687 1472 106 27 Taeniae
808 1476 96 26 fruftum
926 1482 101 24 articulis
1045 1483 50 23 bre-

137 1498 96 25 vifimis
247 1517 7 12 ,
283 1498 45 27 fed.
341 1500 135 26 latifimum.
493 1501 26 26 &
540 1502 76 34 digito
635 1505 100 58 minimo
751 1508 68 26 latius
840 1511 51 24 vidi
912 1513 185 27 Amflelaedami

678 1538 40 34 rg
1030 1549 62 25 ad
