1184 1608
342 71 572 32 INAUGURALIS
1074 90 29 18 28

603 116 10 17 r
682 128 3 3 .

153 138 94 25 remque
266 130 51 24 adta
336 132 94 30 erodit,
455 132 140 31 pertundit,,
618 132 122 25 dilacerat.
775 136 136 33 Effringere
933 137 106 27 inteftina
1050 147 55 24 pro-

152 166 53 29 prio
225 164 81 22 Marte
323 165 102 24 imbellia
440 164 43 25 ifta
503 165 153 28 animalcula,
681 170 188 33 commentitium
888 170 92 35 quidem
992 188 6 10 „
1016 177 88 26 eosque

152 202 44 24 per
215 194 98 26 fiftulofa
332 197 75 24 ulcera
427 197 99 24 aliterve
541 196 93 25 adattos
654 198 139 26 canaliculos
807 201 113 25 inteftinis
935 210 75 22 exire,
1029 205 74 24 vifum

154 226 34 24 eft
198 227 103 26 Biancho
308 230 30 23 de
349 230 87 24 Geners
453 237 84 24 p.353.
555 230 64 24 Mihi
630 237 57 15 vero
700 232 104 23 minime.
822 234 217 26 Lumbricus-enim
1056 244 46 17 ter-

153 266 70 18 renus
233 262 92 31 putrida
338 262 61 32 ligna
415 262 54 23 fatis
484 262 77 23 adhuc
580 262 55 23 dura
653 260 24 25 &
699 261 83 25 fibrofa
795 280 9 12 ,
829 264 115 34 faepeque
961 268 142 26 tenacifäima

151 293 121 29 Pertranfit
284 302 7 21 ;
343 300 80 17 Quantus
443 295 23 22 in
483 300 48 17 tam
544 294 110 24 mollufco
673 294 115 33 longeque
807 297 122 25 imbelliori
951 301 77 25 adhuc
1050 310 53 23 rep-

153 325 36 23 ui
213 325 85 23 vifium
319 325 96 25 effeätus
428 325 12 24 ?
463 325 91 33 Quibus
570 326 71 24 etiam
664 328 23 24 in
704 328 141 25 durıffimum
860 330 72 25 folum
955 334 103 30 abje&tus
1080 335 23 23 fe

150 356 96 24 fuffodit
260 355 26 25 &
302 357 161 24 conculecatam
485 357 103 25 interdiu
607 364 85 19 terram
713 360 112 25 cuniculis
850 364 150 28 perterebrat.
1037 367 64 33 Quid

151 388 76 30 ergo?
244 396 63 18 nonne
310 389 117 25 facilius
444 390 120 25 credamus
576 409 8 11 ,
604 391 89 33 rigidos
704 393 154 31 inteftinales,
878 395 45 24 fuis
935 395 76 25 roftris
1027 406 73 17 mem-

151 420 84 26 branas
252 422 141 25 alimentarii
405 423 88 25 canalis
506 425 145 31 perfringere
666 425 82 31 poffe?
765 427 69 25 Certe
851 428 24 24 id
884 427 103 26 faciunt:
1005 430 97 32 vidique

151 452 25 24 in
190 453 60 26 binis
262 455 130 25 infantibus
410 464 98 25 quorum
527 465 61 16 mors
603 458 136 24 convulfiva
752 459 89 31 fuerat,
858 461 105 25 villofam
977 462 62 25 intus
1050 472 51 16 ero-

152 485 63 33 fam,
234 488 180 25 foraminnlenta
425 489 122 30 inteftina,
570 489 84 25 effufos
669 498 52 17 cum
741 493 85 31 chymo
839 494 139 30 lumbricös,
995 495 25 25 &
1032 505 69 23 quos-

150 518 54 24 dam
230 520 163 32 femitraje&tos
415 521 195 32 inhaerentesque
620 523 129 24 inteflinis.
784 525 55 24 Hoc
858 526 51 24 cafü
930 529 22 22 in
974 528 129 25 infantibus

147 557 28 18 ut
187 552 123 30 plurimum
330 554 94 24 lethalia
440 554 112 31 ingruunt
569 554 164 34 fymptomata.
767 557 89 24 Eadem
871 560 68 30 faepe
953 560 83 25 adultis
1047 569 57 16 con-

149 584 103 31 tingunt.

153 616 179 24 Lechalitatis
346 616 150 24 effrattorum
516 617 122 22 innumera
657 619 108 29 exempla
778 620 109 29 proftant.
922 622 68 25 Mors
1002 626 98 24 convul-

147 645 48 25 fiva
212 654 12 16 a
246 653 75 18 terere
337 648 133 29 umbilıcum
489 647 136 31 perforante
645 649 133 25 Commerce.
799 652 60 24 Nor,
892 654 46 23 vol.
957 655 42 23 VI.
1025 665 22 23 P-
1061 666 38 23 17.

147 678 88 26 funefti
253 679 83 25 itidem
354 687 41 24 per
412 680 87 31 inguen
516 679 136 26 effra&tores
672 682 101 26 Mifcell.
799 693 48 16 car.
874 686 62 24 D.I.
964 689 58 23 A.L.
1044 693 55 26 146.

148 712 68 23 Mors
227 712 22 23 in
270 712 77 32 puella
359 712 118 33 feptenni,
490 713 115 31 pertufum
618 714 110 32 Jejunum
737 716 112 34 effufique
862 718 47 25 duo
924 719 106 27 lumbrici
1045 730 55 17 cum

148 744 124 33 chymofae
286 746 113 25 materiae
413 748 15 22 6
440 745 113 25 menfuris
569 746 52 25 A&t.
635 748 67 25 Med.
720 749 100 27 Berolin.
845 752 59 24 Dec.
923 759 21 17 2.
964 755 45 24 vol.
1023 763 21 23 3.
1058 758 40 28 65.

148 776 26 25 &
186 778 92 26 Heifter
292 780 47 24 obf.
351 787 54 23 515.
426 780 70 24 habet
509 779 117 33 perforata
637 782 23 24 in
672 790 73 24 puero
757 786 79 23 tenuia
847 793 53 16 cum
915 789 138 24 tormınibus
1065 789 34 23 fa-

148 810 96 31 talibus,
269 813 132 31 effufosque
419 814 22 22 in
462 813 78 23 alvum
566 814 141 30 lumbricos,
730 815 26 25 &
771 818 72 23 altero
856 826 14 15 a
888 826 75 17 morte
977 820 38 24 die
1026 829 71 16 unum

148 842 76 25 adhuce
244 845 123 23 inventum
384 846 80 22 vivum
478 853 7 19 ;
512 846 23 22 in
556 846 162 24 ferva’autem
740 849 187 25 convulfionibus
944 851 80 25 fübiris
1048 855 51 22 fub-

148 874 48 22 lata
214 875 121 29 fe&taque,
360 876 133 23 numerofos
514 877 124 25 lumbricos
655 880 23 21 in
700 879 108 24 duodeno
825 881 25 24 &
867 883 82 31 pyloro
961 893 15 20 ‚'
990 885 107 31 pylorum

146 905 63 23 intus
220 913 122 17 cruentum
356 906 26 25 &
392 907 90 23 erofum
506 908 48 23 obfi
568 916 54 23 372.
647 910 62 24 Guil.
726 910 120 26 Fabricius
859 914 23 24 in
895 916 64 29 pueri
973 917 124 25 lumbricos

146 944 98 17 vomere
258 938 61 26 fpliti
332 956 6 11 ,
356 938 194 33 noviffimumgue
560 940 61 25 inter
631 941 114 25 Vomitum
756 960 8 12 ,
779 951 49 24 quo
839 946 88 32 aliquot
939 949 155 26 Iumbricello-

146 977 52 17 rum
210 970 147 25 acicularium
378 972 116 32 glomeres
509 972 101 31 ejecerat
624 991 7 11 ,
654 974 97 24 extinäti
768 978 133 25 ventriculo
925 988 105 23 repertos
1049 991 48 17 ma-

143 1003 64 31 jores
219 1004 25 25 &
256 1005 116 25 minorum
386 1006 92 32 agmina
494 1004 25 26 &
534 1005 104 24 foramen
659 1008 66 29 fupra
750 1007 96 26 fundum
864 1018 53 16 cum
931 1012 114 25 effufione
1056 1017 41 22 ali-

143 1038 74 22 menti
232 1046 8 19 ;
267 1039 119 24 Scardona
403 1039 30 24 de
450 1047 70 23 cogn.
544 1037 25 26 &
585 1046 46 16 cur:
655 1040 74 23 morb.
753 1040 19 23 L.
774 1048 40 22 3.
839 1050 22 22 P-
877 1050 39 22 74.
939 1047 157 25 ventriculum

142 1068 121 23 vermibus
288 1071 92 23 erofum
403 1071 24 24 in
449 1072 52 24 viro
520 1070 126 33 cardialgia
665 1070 84 26 enefto
765 1073 69 24 vidir.
871 1075 75 34 Saepe
965 1084 78 20 tamen
1061 1081 33 23 ci-

143 1104 37 17 tra
200 1100 67 23 ullam
289 1104 113 24 atrociam
423 1104 120 25 inteftinis.
559 1111 87 18 exeunt
660 1123 6 11 ,
697 1104 128 34 fenfimque
846 1107 63 27 fa&to
926 1111 79 28 ulcere
1024 1113 70 24 ahdo-

142 1131 64 22 mine
228 1133 164 26 excluduntur.
434 1137 27 24 Id
487 1139 95 30 quidem
603 1139 90 32 optime
718 1138 125 26 confirmat
870 1143 134 25 obfervatio
1028 1145 66 24 Toon.

142 1163 96 24 Gauckes
251 1182 6 10 ,
289 1167 39 29 qui
350 1175 102 17 vermem
472 1177 78 17 narrat
575 1171 130 33 praegreffo
725 1171 79 27 dolore
825 1175 64 24 circa
915 1177 134 23 umbilicum
1070 1186 24 16 a.

142 1198 49 29 eri,
209 1196 63 26 falto
292 1198 88 31 aliquot
399 1200 86 24 abhinc
501 1202 134 31 feptimanis
656 1212 91 17 tumore
767 1206 111 32 inguinali
895 1216 100 23 magno,
1013 1217 81 23 rupto-

131 1227 56 32 “que
200 1230 80 25 exiiffe
292 1239 52 16 cum
360 1239 72 23 pure,
454 1233 146 27 efluentibus
617 1245 56 16 runc
688 1239 130 27 alimentis,
842 1239 50 30 poft
910 1242 184 27 praecedentem

143 1262 62 25 eirca
239 1265 136 25 umbilicum
407 1264 158 26 titillationem
581 1286 7 11 ,
625 1269 26 25 &
680 1270 66 23 ulcus
771 1269 102 24 feliciter
896 1278 104 18 curatum
1025 1274 69 26 Prax.

141 1293 68 26 Med.
228 1298 63 23 Chir.
312 1299 83 24 ration.
414 1298 87 25 Groen.
522 1307 67 23 1700.
614 1310 23 23 p.
656 1309 35 23 17.
726 1302 120 24 Lumbriei
861 1310 86 26 nempe
968 1307 77 26 verfus
1059 1309 34 24 in-

142 1328 71 30 guina
231 1330 143 26 delabüntur
388 1349 6 12 ,
417 1339 53 16 cum
486 1331 75 26 efufo
582 1334 102 33 chymo,
708 1335 38 30 qui
762 1334 51 25 iflic
828 1337 106 29 perrodit
946 1342 147 25 membranas

141 1366 70 24 atque
233 1364 89 23 exitum
344 1365 101 24 molitur,
480 1365 126 26 Subfimilis
626 1366 46 26 effe
691 1367 93 24 videtur
803 1368 60 24 ratio
883 1370 150 29 effra&torum
1036 1369 55 37 ple-

140 1397 124 26 rorumque
285 1402 24 17 ut
331 1399 61 24 apud
414 1398 71 24 Rein.
511 1398 146 33 Wagnerum
682 1401 23 22 in
732 1400 67 24 Nov.
822 1402 71 23 Jitter.
917 1404 74 25 Balch.
1020 1409 71 26 1699.

140 1428 24 23 P.
182 1429 50 24 153.
248 1425 25 25 &
287 1428 91 24 cafıum
392 1431 37 23 abi
442 1429 51 33 poft
503 1430 103 27 ftrenuos
617 1433 90 24 labores
724 1440 97 24 orctaque
835 1434 76 26 fübita
924 1437 56 25 inde
992 1438 98 23 tormina

138 1453 133 31 effraätores
290 1461 126 33 prodiere,
427 1464 73 32 qualis
515 1464 102 27 Harderi
636 1466 57 26 obf.,
703 1468 39 31 68,
775 1467 58 24 Non
851 1476 51 17 raro
923 1476 77 18 tamen
1018 1469 73 24 äredo

134 1504 8 6 -
707 1499 49 31 cz
905 1500 8 5 "
1024 1502 64 25 viam
