1192 1608
86 114 36 25 go
216 94 417 35 DISSERTATIO
683 90 235 29 MEDICA

440 158 20 28 L
504 152 201 32 FURIA.
783 148 75 18 .
942 149 74 13 n

921 176 8 9 .

126 212 63 24 Char.
200 211 94 23 Corrus
297 206 124 26 filiforme
436 203 142 26 continuum
596 199 114 33 aequale,,
726 197 111 32 utrinque
853 196 116 25 ciliatum:
987 194 64 27 Acu-

92 245 43 25 leis
150 243 93 25 reflexis
256 240 95 34 corpori
362 237 115 33 adpreflis.

125 278 97 24 Habitat
235 277 24 22 in
274 273 116 26 Bothniae
403 267 187 35 feptentrionalis
603 264 28 26 &
648 263 139 26 Fennoniae
803 259 139 34 paludibus,;
958 266 30 18 ex
999 261 53 24 aöre

94 311 132 27 delabitur,
242 306 140 26 animalibus
396 301 91 28 inmiffa
498 302 121 31 plerumque
621 298 123 26 lethalis.

105 344 50 22 “In
172 341 70 25 vaflis
257 339 117 26 Bothniae
390 336 88 26 aeftate
501 334 124 25 exficcatis
640 330 143 34 paludibus,
809 335 43 25 per
863 327 79 25 aörem
957 324 98 26 advenit

96 377 80 28 Furia,
193 375 69 32 inque
272 379 86 26 corpus
368 375 127 27 penetrans
513 373 102 18 mortem
626 365 97 25 cuilibet
733 362 96 25 animali
844 360 39 25 vel
899 359 102 24 maximo
1018 356 35 24 in-

98 410 49 24 fert
161 406 178 29 inevitabilem,
357 401 113 26 exciratis
479 400 121 26 horrendis
615 397 150 26 cruciatibus.
799 395 27 23 In
842 392 96 32 patellas
950 389 106 33 quando-

97 450 47 24 que
161 439 167 32 prandentium
344 435 100 25 deeidua
460 434 35 25 fit.
530 433 50 25 Ubi
601 438 85 23 corpus
704 432 109 27 penetrat
829 430 99 28 apparet
945 422 113 33 pundtum

100 475 98 24 fufeum.
232 470 72 26 La&te
317 469 126 32 coagulato
458 467 84 25 elicere
552 465 64 24 illam
627 462 92 25 incolae
732 459 142 24 didicerunt.

132 508 28 23 In
177 505 82 33 Belgio
275 504 73 24 etiam
360 500 119 26 obfervari
493 497 64 25 teftis
569 497 46 23 erit
630 496 82 23 Petrus
724 491 127 31 Naaldyck
866 490 24 24 in
906 489 27 22 L.
946 486 113 33 Philippi-

99 546 84 19 corum
201 538 31 24 de
246 537 68 32 equis
335 543 23 23 p.
370 541 40 22 42.
432 532 41 23 ubi
487 530 57 25 illud
559 528 78 33 Belgis
658 527 40 23 den
714 524 68 25 Viver
796 521 131 33 nuncupari
945 520 115 33 legimus,

101 572 124 30 &urarigue
243 568 92 25 urendo
352 566 38 24 ve!
407 562 157 27 exfeindendo
577 562 85 23 locum.
681 558 68 24 Linn.
763 556 147 25 Amoenitat.
923 553 74 24 Acad.
1018 553 42 24 III,

102 606 89 25 Mirac.
210 600 78 28 infet.
307 608 23 25 p.
345 606 55 26 gar.
418 598 62 33 fegg.
504 594 122 27 Pertinent
637 592 46 25 huc
697 590 62 26 forte
770 589 73 25 multa
855 595 59 27 quae
926 586 30 25 de
966 593 96 18 aranea-

103 646 52 17 rum
167 636 48 26 i&tu
225 641 135 23 venenaro,
377 638 40 20 aut
432 632 30 24 de
477 629 76 26 noxiis
562 629 116 32 arborum
691 624 88 26 umbris
791 624 23 25 in
826 629 108 20 vererum
948 620 65 26 libris
1030 620 31 25 le

105 673 93 33 gimus;
214 669 39 23 fed
264 668 59 23 haec
337 667 51 22 dies
399 665 104 23 docebit.
530 663 36 23 At

170 701 64 33 Quid
247 707 42 16 non
306 696 86 32 adverfi
406 696 85 32 miferis
506 693 127 26 mortalibus
650 692 60 24 addis
966 693 8 8 r

171 735 90 24 Natura
275 737 71 14 ———
362 730 109 23 Sammon.

197 780 13 13 .
344 782 39 29 I.
427 776 289 33 GORDIUS.
756 774 80 28 Lin,

130 838 76 32 Vena
220 832 158 41 medinenfis,
398 829 105 34 Vitulus
517 827 151 40 aquaticus;
683 825 62 28 Seta
758 821 131 40 aquatica.
928 819 122 31 Dracun-

476 867 70 29 eulus
565 870 125 25 veterum.

180 928 64 23 Char.
263 922 95 24 Corpus
371 918 112 26 filiforme
497 915 97 31 aequale
604 912 158 25 laeviffimum.

179 960 34 24 Os
230 957 121 24 dilatatum
369 952 64 24 labio
450 946 143 28 fubrotundo
610 951 115 20 concavo.

179 992 86 27 Cavpa
282 985 111 34 uncinulo
410 983 134 24 terminata.
569 1007 7 5 _
1002 998 5 5 .

115 1029 7 3 “
149 1028 95 23 Habitat
258 1024 24 24 in
297 1019 64 34 aquis
372 1016 135 35 praefertim
520 1012 173 34 ftagnantibus,
705 1008 77 30 pifces
795 1002 127 38 infeftans,
924 1004 55 32 aut
993 998 81 25 limum

116 1065 143 28 penetrans,
275 1052 95 32 corpori
384 1048 95 27 animali
489 1055 43 24 per
546 1052 83 27 potum
643 1048 39 18 aut
697 1045 89 30 moram
798 1043 29 29 in
835 1041 74 31 aquis
922 1032 65 39 illata
1004 1031 71 25 cellu-

117 1092 74 26 lofam
203 1087 107 32 corporis
323 1090 93 22 tranat,
426 1077 185 35 frequentiflima
623 1082 24 15 in
657 1079 67 17 terris
733 1068 159 36 calidioribus.
901 1066 110 38 „Gordius
1020 1065 56 25 Ma-

118 1123 118 27 labaricus
250 1128 13 16 a
280 1114 176 33 chalcographe
477 1108 96 28 Halenfi
596 1104 133 27 Gründiero
749 1102 131 29 defcriptus
900 1107 23 18 in
945 1101 133 24 Commerce.

118 1159 86 24 Litter.
221 1153 61 25 Nor.
299 1148 49 25 vol.
361 1148 70 28 X.-p.
447 1151 54 25 329-
519 1143 83 29 longus
619 1139 45 23 fuic
677 1136 72 33 pedes
759 1135 51 36 II;
823 1132 26 25 &
866 1133 103 25 crafliori
987 1133 41 23 filo
1041 1139 38 16 ae-

120 1190 85 34 qualis:
218 1184 101 28 luteolus
335 1178 154 28 Iaeviflimus,
506 1174 62 25 labio
581 1169 143 28 fubrotundo
741 1167 98 26 dilatato
850 1166 112 30 fuetorio,
980 1163 100 25 uncinu-

120 1225 24 23 lo
155 1222 88 26 caudae
259 1216 72 29 valde
346 1211 180 34 confpicuo.
658 1205 5 7 '
831 1234 5 5 .

156 1257 66 24 Idem
237 1255 37 24 ille
291 1256 75 29 prope
380 1242 125 29 Salfeldam
519 1248 24 16 in
558 1245 61 18 terra
627 1236 78 40 ‚udofa
718 1235 97 26 fimilem
830 1236 94 21 invenit
935 1245 9 12 ,
974 1226 39 25 fed
1032 1226 51 26 füb-

122 1290 105 28 {ufcum,
245 1294 14 23 5
272 1284 99 33 pollices
383 1280 96 29 longum
489 1294 7 11 ,
514 1274 40 25 filo
568 1279 65 17 tenui
646 1279 46 17 non
704 1270 137 33 crafliorem.
907 1293 5 5 ,
987 1294 65 5 on

140 1328 6 8 »
156 1322 23 24 A
191 1318 137 27 Do&ifimo
346 1315 62 25 Viro
419 1312 31 25 D.
468 1307 111 33 Hempelio
595 1305 73 24 Ducis
687 1300 141 28 Strelizenlis
844 1290 100 42 Medico
958 1301 126 24 primario,

123 1356 52 24 ‘hoc
186 1353 49 31 ipfo
244 1359 73 20 anno,
337 1347 82 30 accepi
430 1344 115 26 Gordium
561 1346 26 23 13
601 1338 116 35 unciarum
730 1334 67 38 pedis
812 1328 68 26 Parif.
893 1334 17 29 e
917 1327 51 25 lacu
980 1328 102 36 quodam

129 1382 209 38 (Wanzker-See)
356 1387 54 18 cum
424 1384 51 18 rete
488 1372 129 36 extra@lum
631 1388 7 11 ,
659 1377 40 28 qui
716 1369 39 22 diu
771 1373 24 15 in
811 1369 59 24 aqua
886 1368 110 29 vixerat,,
1018 1368 66 16 miris

130 1420 50 29 fefe
191 1422 158 26 contorquens
363 1409 174 28 voluminibus,
554 1402 124 38 aliquandö
694 1408 22 17 in
731 1397 74 26 nodos
817 1400 56 30 vere
887 1392 100 26 Gordios
999 1400 86 24 corpus

126 1453 120 30 “inricans
258 1448 26 25 &
293 1448 78 24 denuo
384 1444 129 31 explicans.
547 1438 76 36 Venit
638 1435 77 39 adme
732 1435 105 32 mortuus
853 1433 29 30 IN.
894 1425 55 24 vafe
964 1434 59 29 aqua
1038 1425 49 36 ple-

132 1497 46 19 no,
198 1490 95 25 tumque
305 1480 46 25 fuit
363 1477 86 25 coloris
462 1474 58 25 fufei
532 1471 14 25 f.
561 1476 78 27 potius
651 1466 98 37 pällido-
758 1465 151 35 nigricantis;
925 1458 61 25 labio
998 1465 41 18 vix
1052 1457 34 24 di-

132 1523 75 24 latato
225 1521 122 21 concavo,
365 1510 97 25 obfcure
476 1506 78 27 fufco;
571 1502 88 26 caudae
671 1505 72 32 apice
759 1499 145 28 nigricante,
923 1498 98 26 totaque
1038 1490 50 25 lon-

149 1553 90 26 itudine
298 1547 72 29 ualis,
388 1541 140 28 laeviflimus
539 1537 25 26 &
575 1536 41 26 fibi
627 1533 86 26 fimilis.
