1192 1608
686 27 456 23 ne
1143 25 13 6 *

94 75 16 30 6
224 70 417 27 DISSERTATIO
688 70 230 26 MEDICA

90 133 35 28 ci,
144 130 149 33 prodigiofae
309 129 82 32 faepe,
408 136 43 23 pro
470 128 111 33 parvulo,
601 128 90 25 vifcere
706 128 184 32 magnitudinis,
909 130 34 24 uti
959 129 87 32 pluries

90 165 52 27 vidi
159 162 142 34 compreffos
316 162 61 25 intra
397 161 127 26 follicalum
537 169 5 16 :
562 161 92 32 qualem
672 161 27 23 ad
717 160 92 25 cardıae
827 161 118 27 tranfitum
966 169 77 24 reper-

91 204 50 18 tum
157 203 95 18 narrant
267 194 70 26 Mife.
353 202 47 17 car.
420 195 29 23 D.
466 195 41 23 III.
526 194 29 24 A.
569 195 30 22 1.
616 193 48 24 obf.
680 200 57 24 193.
765 193 35 23 Ex
819 193 85 30 hepate
918 194 125 31 ferpentuli

92 230 106 31 bieipitis
208 228 140 26 vermicnlos
361 227 103 25 extraxit
474 227 89 24 Redius
571 226 57 24 Obf.
647 226 62 24 circa
723 226 89 24 vivent,
827 233 22 23 p.
859 232 38 22 29.
915 225 83 26 fimiles
1016 228 31 24 üs

90 271 58 23 quos
159 270 30 16 ex
200 262 50 30 ejus
263 260 115 25 inteflinis
387 260 88 24 habuit.
510 261 26 22 In
549 259 97 31 Leporis
657 259 86 31 hepate
757 258 115 24 folliculos
887 266 53 16 cum
954 266 94 17 convo-

90 296 54 24 lutis
155 294 106 25 taeniolis
273 293 152 31 Stromajerus
436 292 111 25 obfervat
560 299 37 24 ap.
611 291 121 25 Horftium
746 291 55 25 obfl.
819 292 26 23 L.
860 290 40 24 XI.
916 298 37 16 ır.
971 291 74 32 Inque
1135 289 5 46 |

91 328 120 31 aceipitris
223 326 85 32 hepate
324 325 130 25 numerofas
472 325 153 32 parvulasque
638 325 161 30 melicerides,,
816 324 154 26 vermiculum
986 324 59 24 feta-

93 368 67 17 eeum
174 359 151 25 continentes
344 358 61 25 Redi
421 357 79 32 opufc.
515 357 42 23 III.
575 365 23 23 p.
614 360 54 24 218.

126 393 26 23 In
164 392 70 24 Liene
246 392 22 23 fe
278 398 117 23 nunquam
407 397 94 17 vermes
518 390 82 25 vidifle
617 389 88 24 fatetur
721 390 100 23 Bidlous.
837 390 111 22 Attcamen
963 388 83 37 Andry

92 432 51 24 cap.
160 432 21 22 3.
204 424 31 23 de
252 430 75 17 verm.
342 423 25 23 fe
384 429 91 17 vermes
495 428 48 17 tres
559 423 82 30 longes
657 421 171 26 inteftinalibus
841 420 84 28 fimiles
942 421 25 23 in
984 421 63 25 liene

94 456 167 26 melancholiei
274 454 113 26 inveniffe
398 455 72 29 dicit,
487 455 24 24 in
524 462 59 24 aqua
594 455 118 23 viventes.

126 490 27 24 In
163 489 100 25 Renibus
275 489 121 31 luporum,
407 496 98 19 canum,
524 486 147 25 muftelarum
683 485 115 32 ipfiusque
808 486 100 25 hominis
921 485 127 24 lumbricos

94 522 122 26 confumto
226 522 185 31 parenchymate
428 520 116 23 innumeri
559 518 126 27 viderunt;
701 518 37 25 Ex
752 520 93 23 renibus
855 518 26 25 &
891 519 73 24 renali
975 517 73 27 filtula

93 555 101 26 infantis
208 553 109 32 prodiife
335 554 78 30 Journ.
430 552 30 23 de
473 551 185 24 Vandermonde
671 550 40 23 IX.
729 559 22 15 n.
766 553 21 23 6,
805 552 141 30 Septembre
966 550 81 25 refert.

93 589 67 23 Inter
172 587 90 23 tunicas
273 586 87 23 eänalis
370 583 154 29 alimentarii,
539 583 23 24 in
571 583 117 31 glandulis
700 583 15 23 f.
724 583 109 32 folliculis
844 582 119 31 expanlis,
981 591 69 22 prae-

93 620 81 26 fertim
185 619 129 33 oefophagi
326 617 25 26 &
361 617 130 29 ventriculi,
508 616 125 25 nafcuntor
647 616 24 24 in
687 616 60 32 lupis
761 616 129 25 vermicelli
905 615 75 25 cauda
990 616 59 23 mul-

94 653 70 25 tifera
180 653 103 24 Mifcell.
303 653 53 22 Cur.
384 653 31 23 D.
432 652 29 23 I.
485 650 30 24 A.
534 650 68 25 VII.
624 658 20 17 r.
667 651 24 23 in
710 658 59 17 cane
786 651 30 24 A.
831 650 56 24 VIL.
904 651 38 23 ı6.
959 649 31 25 D.
1004 649 44 24 II.

95 686 87 24 A.VI.
196 692 54 23 255.
275 684 118 31 iidemgue
409 684 23 23 in
449 683 96 24 homine
563 682 43 23 vifi
621 690 13 16 a
648 683 90 23 Stahlio
749 691 7 20 ;
774 689 23 17 at
815 681 128 26 ventricofi
959 681 90 25 condu-

95 718 142 32 plicatique,
253 723 99 25 utraque
363 717 150 23 extremitate
525 722 41 22 per
579 714 98 25 folliculi
692 715 161 30 lageniformis
870 716 91 23 bivium
981 714 69 24 emis-

94 751 25 24 R%
135 751 23 23 in
179 750 86 24 albello
281 748 172 31 Willughbeji,
472 754 25 17 ur
516 747 94 24 invenit
626 746 90 25 Redius
730 747 86 30 Opufe.
839 748 31 26 T.
885 748 43 22 IH.
950 753 24 23 p«
994 747 54 22 226.

95 784 105 24 fetaceos
213 782 65 24 idem
293 780 70 31 faepe
379 780 80 24 rubros
477 780 23 23 in
517 779 76 30 lupis,
608 780 115 27 melibus,
741 778 115 31 hyftrice,
873 779 69 23 leone
955 777 26 24 &
992 786 58 17 cane

95 816 30 24 ad
140 814 161 32 oefophagum
314 831 8 12 ,
344 813 70 32 inque
435 812 92 24 ciconia
546 810 26 26 &
588 817 120 26 praeterea
725 811 24 24 in
768 810 108 26 folliculis
892 810 157 32 ingainalibus

96 849 116 27 murium,
229 847 24 25 &
269 847 23 25 in
305 846 57 30 urfi,
380 846 148 31 capreolique
543 845 94 25 renıbus
652 844 67 25 vidit.
917 843 3 3 -

130 881 35 24 Ex
183 881 67 24 Utero
269 879 108 31 prodiiffe
393 887 93 16 vermes
501 879 108 26 Naturae
626 877 82 25 curiofi
725 883 94 18 narrant
830 885 7 20 ;
862 877 24 23 in
902 877 108 30 placenta
1024 874 27 26 &

97 914 88 25 ceircam
198 912 106 24 umbilici
320 911 80 25 funem
417 912 25 24 in
458 911 89 25 femina
564 909 149 31 (verminofa
729 910 78 31 poftea
823 909 78 25 lochia
914 908 135 32 reddente)

97 946 127 25 lumbricos
238 950 106 24 repertos
356 952 29 16 ex
398 943 130 25 obftetricis
537 942 46 25 fide
593 950 75 18 narrat
677 943 102 32 Stalpart
793 951 22 15 v.
825 943 22 24 d.
855 942 41 25 W.
905 943 30 23 Il.
954 943 96 26 obf.29.

97 980 24 25 in
134 977 61 26 collo
208 976 61 24 uteri
280 984 94 17 vermes
387 977 73 23 habet:
469 975 108 25 Foreftus
588 976 63 24 XXI.
665 984 37 23 37.
737 975 124 25 Afcarides
868 976 87 22 vulvae
973 973 77 24 obfer-

96 1017 85 20 varunt
191 1009 98 26 Bianchi
300 1008 25 26 &
340 1009 63 25 mife.
416 1018 47 16 cur.
477 1009 29 24 D.
520 1017 19 16 1.
558 1010 29 23 A.
597 1009 69 24 VIEL
682 1016 40 21 57.
742 1008 72 27 1X.7.
834 1006 128 28 Ephemer.
982 1005 69 24 Cent,

98 1045 30 25 X.
145 1051 55 23 app.
216 1045 55 26 458.
288 1043 107 24 Eoreltus
418 1044 28 22 L.
468 1042 63 24 XXI.
554 1041 49 24 obf.
619 1048 39 22 29.
681 1040 113 22 'Timaeus
812 1036 50 25 Caf.
877 1036 68 26 Med.
963 1037 28 25 L.
1003 1038 47 25 IV.

117 1096 5 5 .
138 1082 55 23 294;
199 1074 99 24 Roder.
312 1082 13 16 a
340 1075 80 24 Caftro
431 1075 30 24 de
473 1074 76 24 morb.
568 1073 56 24 mul.
642 1079 52 24 cap.
708 1078 38 23 33.

108 1106 2 4 “
131 1111 27 23 In
170 1107 131 26 ovidu&ibus
316 1107 135 31 gallinarum
467 1105 126 25 lumbricos
606 1103 115 26 habitafle
735 1111 46 16 ova
798 1102 112 27 teftantur
921 1104 66 33 gyris
995 1104 66 24 lum--

98 1140 179 29 briciformibus
293 1139 89 24 caelata
389 1156 9 12 ,
415 1139 76 32 qualia
501 1138 47 23 duo
562 1144 52 17 cum
627 1136 53 32 ipfis
695 1136 117 25 lambricis
823 1137 80 25 chorio
914 1138 140 25 incumben-

97 1178 66 23 tibus
176 1172 83 27 habuit
274 1171 106 32 Cajetan.
401 1172 111 23 Montius
524 1177 127 17 comment.
669 1171 81 23 Bonon.
753 1168 95 27 Iaftir.
864 1171 84 25 T.IV.
966 1178 22 22 p.
998 1177 57 23 330;

98 1208 124 32 qualiaque
237 1208 160 22 memararunt
410 1204 79 22 Barth.
502 1202 151 24 Ambrofinus
670 1203 22 23 in
704 1202 154 25 monftrorum
873 1203 94 24 biftoria
981 1201 30 22 &
1022 1201 33 22 O-

97 1241 49 24 vid.
164 1239 172 26 Montalbanus
354 1237 24 24 in
395 1235 63 25 curis
475 1235 136 32 analyticis,
635 1235 125 33 auctorque
774 1236 78 24 Mufei
869 1232 115 32 Cofpiani.
1026 1232 28 26 In

97 1274 52 31 ipfo
167 1273 71 24 etiam
262 1272 40 24 ovi
322 1271 64 24 lutea
411 1276 105 17 vermem
535 1268 63 24 inter
617 1269 171 25 comedendum
808 1264 110 32 reperifie
934 1264 129 33 Hierony--

98 1313 67 18 mam
178 1305 133 24 Fabricium
322 1303 98 25 teftatur
429 1302 98 25 Licetus
540 1302 41 31 qui
591 1300 25 25 &
630 1301 49 33 ipfe
693 1302 23 25 in
734 1308 47 17 ovo
796 1297 207 32 pufillo.albumini
1019 1299 35 23 in-

99 1344 119 20 natanten
235 1344 106 17 vermem
356 1337 51 24 loco
424 1335 75 25 vicelli
519 1333 80 29 vidit,
616 1335 92 31 qualem
725 1333 25 25 &
762 1331 130 33 Jacobaeus
911 1331 81 26 feribit
1010 1331 45 24 fer-

100 1371 54 25 vari
165 1370 23 24 in
202 1369 86 24 Mufeo
298 1369 67 32 regio
376 1377 20 23 p.
403 1376 40 25 25.
462 1369 39 24 Sic
512 1367 72 26 etiam
597 1367 24 24 in
636 1368 116 30 Catalogo
761 1363 102 33 quodam
872 1365 126 33 Leydenfis
1006 1371 51 18 mu-

101 1403 32 27 fei
140 1420 15 16 ,,
167 1409 99 17 vermes:
274 1408 31 17 ex
315 1407 67 19 utero
393 1401 140 29 tefludinis,
550 1407 143 18 memoratos
704 1398 88 26 inveni,

134 1434 88 34 Veßcae
236 1441 94 25 quoque
345 1435 112 24 urinariae
471 1434 167 32 ingenerantur
654 1439 108 21 vermes,
779 1438 97 26 quorum
893 1431 70 25 ovula
979 1440 13 17 a
1007 1438 51 18 mu-

100 1472 30 26 3s
147 1469 110 27 ureihrae
274 1466 108 27 immifia
396 1466 69 28 fuilfe
483 1466 118 27 videnun
640 1466 74 25 Tales
733 1465 26 25 in
772 1466 96 32 pupulas
888 1465 50 32 jam
955 1467 105 54 mus

998 1499 64 22 vidit
