1192 1608
88 84 39 33 &
216 84 438 30 DISSERTIZATIO
702 90 241 30 MEDICA

92 145 67 29 rim,
176 145 111 32 exemplo
301 144 115 26 feminum
428 144 26 26 &
464 146 133 32 plantarum
605 147 27 25 in
643 154 93 20 mutato
749 150 48 24 folo
809 151 167 28 luxuriantium
989 171 9 13 „
1015 159 41 22 auf

92 178 164 31 experimento
270 178 95 32 Burghii
378 178 23 25 in
412 179 76 32 Saryr.
497 180 64 24 Med.
563 180 81 26 Silef.
658 181 96 32 fpecim.:
761 190 36 22 5.
808 184 48 24 obf.
867 191 29 24 's.
910 188 39 31 qui
963 188 89 24 mufca»

92 218 53 16 zum
158 212 74 23 larvas
244 211 66 23 vario
326 211 112 24 alimento
456 212 126 30 educatas,
599 213 24 24 in
638 214 88 24 molem
745 214 177 37 diverfifimanı
936 219 118 26 excrevif-

92 243 24 24 fe
128 244 76 28 vidit;
221 243 71 32 idque
305 243 24 24 in
342 243 128 26 Fafeiolam
484 245 132 31 hepaticam
631 247 96 32 egregie
736 248 122 32 quadrare.
895 250 66 24 Hinc
974 258 80 20 tamen

93 275 72 26 neria
181 276 97 24 evincet
287 277 141 25 lumbricum
436 277 159 26 inteftinalem
609 287 14 16 a
633 285 95 20 terreno
742 281 70 30 oriri,
829 287 122 28 tantamque
953 284 50 23 in
1019 287 36 23 vi-

91 308 103 24 feeribus
212 310 107 24 animalis
337 311 222 24 transmutationem
573 313 28 23 ab
616 312 105 26 alimenti
733 315 69 31 copia
819 315 99 32 produci
933 315 80 33 pofle;
1029 317 27 25 &

92 348 45 17 nec
149 342 191 32 magnitudinem
355 342 73 33 ionge
443 344 69 30 fupra
532 343 95 33 duplum
646 353 29 17 ea
692 347 93 25 ratione
803 349 82 32 augeri
901 349 152 26 crediderim.

92 374 49 24 vid.
154 375 109 31 Lyonnet
274 381 50 18 not.
336 375 29 24 ad
381 375 88 25 Lefleri
482 375 165 27 Infe&totheol.
659 378 46 24 vol.
720 386 22 18 2,
759 388 24 23 p.
803 388 54 24 239.

123 407 157 30 Hartfeckeri.,
296 408 121 24 Falimerii
428 408 26 25 &
464 407 53 33 poft
531 408 45 25 hos
586 410 85 25 Clerici
682 427 10 13 ,
708 412 93 25 Couleti
814 432 6 10 ,
842 415 81 25 Planci
944 416 110 26 aliorum-

92 445 46 25 ge
148 442 86 29 opinia
244 440 46 25 fuir
303 440 106 26 sonnasos
420 443 63 23 mobis
494 449 101 22 vermes,
619 451 112 23 eorumgue
747 453 69 22 genus
834 447 69 30 uoflro
920 457 134 23 geguasuum

90 470 47 33 «fe.
157 473 94 24 Horum
262 474 117 24 fententia
391 474 102 32 egregiis
504 473 205 26 obfervationibus
725 477 141 25 confirmatur
870 487 30 21 ,
921 481 79 32 itaque
1017 490 37 17 ar-

91 506 114 29 gumenta
208 508 90 30 quibüs
308 508 104 29 priorem
425 507 117 24 theoriam
555 507 52 25 fere
617 509 175 30 praeponderat
810 510 93 25 feorfim
917 513 134 25 videamus.

89 537 104 25 Primum
206 538 34 24 eilt
259 538 63 32 quod
338 544 67 19 extra
416 539 96 24 animale
525 547 87 25 corpus
627 548 92 17 vermes
734 541 36 25 ifti
787 542 118 26 morbifiei
921 544 129 28 lumbricus

89 577 71 25 arque
172 571 92 24 Taenia
278 572 126 29 hebitantes
417 580 110 30 nunguam
543 574 147 32 reperiantur
704 592 7 12 ,
736 575 62 32 quod
810 583 30 17 ex
853 576 104 31 fuperius
973 579 77 26 allatis

90 603 62 24 hand
163 603 98 25 obfcure
297 605 40 24 fuit.
373 606 166 24 Gravifimum
559 614 76 23 vero,
658 608 64 33 quod
736 608 66 26 fimul
820 609 30 26 ad
861 610 104 32 priorem
983 611 70 26 theo-

90 636 59 24 riam
164 637 161 27 infirmandam
345 637 58 26 facit
417 656 9 13 ,
464 647 15 17 ex
491 639 129 26 obfervatis
633 641 24 25 in
673 643 115 25 adortzum
804 643 249 28 ingue_neonatorum

91 669 183 33 latentiumgue
289 672 135 23 animalium_
448 666 117 31 intefkinis
583 676 134 31 verminofa
730 676 94 33 pullitie
839 677 132 26 Conficitur.
1006 674 46 30 Cui

90 703 61 24 adde
166 711 94 18 vermes
281 704 23 24 in
327 704 146 26 abditiflimis
492 707 105 30 corporis
616 707 123 26 fecefibus
0 0 1192 1608 &
797 717 130 19 vifceribus
947 711 104 32 undique

89 735 81 24 claufis
184 737 68 23 vifos.
264 737 111 25 Tertium
389 737 34 24 eft
438 738 24 23 in
475 740 101 30 analoga
588 746 82 19 natura
679 741 121 31 hofpitum
810 743 84 25 Florze
908 749 71 27 atque
990 745 61 25 Fau-

91 776 63 21 nae,
171 769 111 30 aphidum
295 787 6 10 ,
319 769 190 30 gallinfe&torum
523 786 11 13 „
556 772 104 28 pulicum
672 791 8 10 ,
701 780 122 18 acarorum
838 792 8 11 ,
867 776 165 30 pediculorum
1043 796 8 11 ,

89 801 73 23 variis
173 801 85 30 plantis
270 806 41 18 aut
322 800 139 24 animalibus
477 801 174 24 deflinatorum.
684 804 33 21 Et
733 804 41 23 vix
792 806 77 30 magis
883 807 72 24 dubia
972 809 78 24 videri

89 833 77 31 poffet
179 833 150 33 ingeneratio
341 832 107 26 Taeniae
462 851 8 13 ,
488 841 68 26 quam
568 833 163 34 pediculorum
745 838 181 32 transplantatio
932 840 24 25 in
964 840 88 33 juven-

83 867 111 24 ‚culorum
206 867 135 25 animalium
354 875 113 24 corpora;
484 876 71 24 quum
571 868 91 26 facilius
680 871 72 24 etiam
767 871 33 25 fit
816 877 119 28 conceptu
951 875 99 26 eviden-

89 899 84 26 tiffima
191 900 39 25 fed
248 900 99 25 minima
365 902 72 25 ovula
457 902 179 25 Lumbricarum
649 922 7 11 ,
683 902 26 27 &
726 905 105 25 nondum
850 905 55 27 fatis
929 907 119 26 declarata

89 933 108 24 Taeniae
209 933 142 25 moleculofa
366 934 113 32 quaedam
494 934 117 31 defluvia,
630 944 114 18 venarum
758 938 128 26 ladtearum
899 945 41 19 aut
956 940 93 26 mefen-

89 967 127 25 tericarum
227 965 88 25 oftiolis
329 966 104 32 fufcepta
443 975 45 25 per
497 968 84 24 .matris
596 977 85 24 corpus
695 969 59 26 fluere
786 977 24 18 at
913 978 24 20 iu
1037 987 10 6 e

88 998 65 31 fculo
166 1000 179 29 communicari.
736 1005 8 9 ’

122 1032 71 25 Certe
203 1034 70 23 avula
286 1033 115 24 vermium
416 1032 113 29 fanguine
542 1033 108 26 adeunda
659 1032 48 26 efle
715 1034 92 24 renales
821 1034 108 25 Iumbriei
943 1053 8 12 ,
968 1037 80 27 uring-

88 1065 51 23 riae
150 1065 107 28 taeniae,
273 1065 126 31 hydatides
408 1066 89 29 vivae,
558 1068 23 21 in
593 1066 68 23 venis
676 1071 95 25 reperta
781 1066 113 37 viventia
911 1069 115 26 eyincunt
1037 1079 9 21 ;

88 1097 140 33 Quanquam
247 1096 59 25 haec
324 1097 118 31 poflrema
463 1106 29 16 ex-
501 1098 121 36 irritakili
637 1097 65 37 forte
716 1098 76 37 .‚palypa
806 1099 114 38 ezplicari
936 1102 111 32 poflent,

86 1130 67 32 eujus
183 1136 57 28 figura
252 1130 77 31 potuit
339 1131 115 25 Jumbrico
467 1130 113 25 Gmillima
596 1129 92 39 videri;
702 1130 141 41 ficut:ipfe,
855 1131 68 38 ftrias
937 1135 109 37 adipofas

87 1164 100 30 pifeiura
197 1162 110 25 inteflina
319 1164 108 31 utrinque
441 1164 107 35 legentes
559 1180 7 11 ,
587 1161 189 39 porfpicacifimis
788 1164 48 27 Icio
852 1168 137 31 impofuille
1004 1169 41 26 i-

86 1197 47 28 ris,
151 1203 89 24 proque
253 1196 94 24 Taenia
360 1197 105 30 triquetra
479 1196 93 24 habitos
581 1195 213 36 fuille,.
902 1214 13 14 3

119 1229 46 24 Sed
179 1230 66 23 varia
263 1229 121 32 objiciunt
391 1229 84 35 prioris
488 1229 131 24 fententiae
632 1230 151 33 defenfores,
800 1240 60 24 quae
870 1234 106 24 breviter
988 1240 57 31 enu-

86 1261 128 30 meranda,
232 1261 135 34 fingulague
382 1268 118 19 utcunque
516 1259 125 27 refutanda
661 1264 62 25 funt.
755 1265 125 34 Quzerunt
895 1271 80 19 autem
994 1273 49 27 pri-

86 1302 56 16 mo:
161 1296 36 22 An
208 1295 115 24 videantur
337 1296 108 24 animalia
0 0 1192 1608 89
502 1295 89 31 plantae
605 1295 80 31 infeta
697 1299 81 30 quikas.
790 1296 104 37 ihfeftari
903 1296 74 32 folens
994 1307 49 18 cum

79 1327 88 32 Jomine
182 1329 22 22 in
216 1327 93 32 pofteros
322 1335 122 25 propagare
454 1328 18 23 P-
483 1326 147 37 Difeutietur
647 1329 46 25 hoc
712 1331 70 24 facile
800 1330 18 25 fi
832 1329 129 37 diftinguas
980 1333 64 25 inter

85 1360 88 24 infe&ta
183 1359 57 25 foris
253 1361 152 25 advenientia
419 1366 55 19 nata
485 1368 29 16 ex
528 1359 76 25 ovulis
618 1369 59 24 quae
695 1369 87 18 matres
796 1362 87 31 plantis
897 1372 40 19 aut
952 1366 89 26 anima-

82 1393 63 24 libus
155 1394 105 23 ‚naturali
275 1394 101 32 quadam
391 1393 125 32 prudentia
530 1392 157 37 mandarunt,
709 1395 26 25 &
745 1401 81 19 vermes
828 1395 107 28 intima
951 1399 91 25 vifcera

83 1426 159 25 inhabitantes
254 1434 76 24 neque
340 1434 26 17 ur
376 1427 97 24 videtur
482 1431 66 19 extra
565 1428 108 24 animalia
687 1428 161 32 reperiundos.
885 1431 44 25 Cur
937 1431 23 31 A
970 1431 71 32 femi-

81 1461 39 24 nia
129 1459 77 26 Horum
216 1460 148 25 baeredivaria
371 1458 62 33 fint,
451 1466 42 17 non
509 1466 73 18 omnes
597 1459 95 27 hotmines
707 1462 125 26 verminens
845 1463 22 25 ®
883 1465 157 31 explicabitur

143 1508 5 10 i
470 1505 7 8 »
1009 1504 31 19 eX
