1192 1608
339 68 565 40 INAUGURALIS
1069 90 36 32 49

141 141 64 24 tom.
212 138 43 26 III.
272 145 23 24 p.
310 144 46 23 42,
374 146 59 26 quos
449 138 64 32 ligna
530 136 25 27 &
566 138 98 33 capillos
679 138 94 27 avidius
790 141 88 30 pabulo
893 142 138 34 appetiiffe,
1050 145 49 29 &a

137 172 96 26 refiduis
251 168 111 27 ramentis
384 171 131 25 deftillatae
534 170 91 34 hyflopi
643 171 25 26 &
686 172 86 26 fälviae
789 175 130 26 excreviffe
929 183 54 17 cum
994 176 104 29 fercore

138 205 89 25 taenias
242 203 81 26 refert.
358 204 126 26 Extraltae
503 205 26 25 in
550 204 121 25 canicidiis
691 211 94 26 torpere
802 207 92 28 femper
913 209 126 31 videntur,
1057 212 41 25 Ted

137 237 74 25 affufa
231 238 75 26 calida
326 239 165 28 revivifeunt,
525 238 68 30 feque
616 238 25 24 in
656 245 61 25 aqua
736 239 60 25 mire
813 246 117 21 volutant.
965 244 134 25 Moventur

138 276 80 19 autem
229 270 120 27 curvando
361 269 159 33 ja&tandoque
533 269 128 31 articulos,
677 270 186 37 dimenfionibus
875 274 98 26 minime
988 277 108 31 mutatis,

136 303 25 25 in
173 311 60 24 aqua
248 304 138 30 plerumque
403 303 104 23 curvatis
526 301 94 34 fingulis
638 304 106 31 articulis
755 303 134 34 quielcunt,
909 313 26 18 ut
947 308 63 27 bene
1021 309 79 37 figura

136 336 138 25 Linnaeana
283 336 47 24 VI.
349 337 22 23 b.
382 336 135 31 exponitur,

169 370 45 24 Eas
235 368 60 32 apud
314 368 108 29 homines
438 369 105 37 änyeniri
565 367 96 27 afleruit
680 368 103 27 Lifferus
798 370 60 29 Phil.
880 377 70 20 trans.
973 380 23 17 n.
1009 382 41 24 95.
1070 385 29 24 p,

136 404 79 27 6064,
233 400 29 26 &
270 401 51 31 poft
335 402 64 27 hune
413 402 129 31 faepiffime
554 401 118 34 obfervari
684 402 142 32 inhomine,
844 404 62 27 dixit
920 405 176 30 Linnaeusl.c,

134 436 97 23 lconem
250 442 29 17 ex
295 435 109 32 aquatico
424 435 101 32 quodam
547 442 81 17 verme
646 434 130 26 defumtam
791 455 6 11 ,
816 436 26 26 &
857 439 153 30 delineationi
1024 440 70 34 hujus

136 467 108 26 Taeniae
258 469 14 25 ä
281 468 106 28 Linnago
398 468 69 28 datae
478 468 153 30 fimillimam,
649 469 61 24 inter
721 468 74 32 piltas
812 470 143 30 infe&torum
974 473 123 37 imagineg

108 519 4 4 .
135 502 62 32 apud
207 501 101 25 amicum
308 502 61 32 ejus
381 501 156 26 fimilitudinis
549 501 106 31 ignarum
667 501 62 26 vidit
741 509 46 18 van
799 503 130 28 Doeveren
946 513 24 23 p.
986 514 39 24 35.
1093 520 5 12 +

165 534 164 32 Longitudine
342 534 151 32 raro-pedem
502 532 121 26 excedunt
629 542 10 20 ;
657 534 70 37 faepe
740 534 135 28 breviflima
882 536 41 27 fla
942 545 87 27 magno
1048 547 46 19 nu

133 574 68 17 mero
214 567 96 32 villofae
321 567 71 32 infiza
405 566 51 28 vidi
472 573 146 21 excretarum
637 572 131 27 taeniarum
774 568 126 35 religujäg,
931 570 162 38 Bispithama-

132 599 47 24 lem
195 607 30 16 ex
241 600 55 31 lupa
309 600 131 30 Wepferus
459 599 99 30 habuit,
575 598 43 36 filo
633 599 92 32 infuper
744 599 153 33 fpithamali,
919 609 79 24 capite
1018 605 77 28 inftar-

131 631 90 33 globuli
232 638 56 16 acus
302 632 136 24 terminato.
462 631 77 35 Idem
550 629 25 31 &
590 630 105 37 Lifterus
711 630 15 23 I.
736 638 24 18 c.
775 639 43 29 eas
831 634 155 25 cucurbitinis
1000 637 95 28 mordi-

132 671 41 18 eus
184 662 88 34 jundtis
288 662 107 26 conftarg
406 662 162 32 fuspicantur,
586 670 102 18 maxime
699 662 123 38 pofterior.
857 666 23 25 Is
891 667 74 25 etiam
978 669 74 26 refert
1066 670 26 27 a-

130 697 89 24 micum
231 696 24 23 in
272 703 55 17 rene
339 695 65 25 canis
420 696 25 25 in
456 696 93 28 faegum
560 702 91 30 mutato
660 695 116 38 reperiffe
793 705 86 26 corpus
893 700 200 35 Zoomorphum,

130 729 65 33 quod
209 728 120 25 diffetum
338 729 140 25 membrana
490 728 45 38 fuit
550 729 153 38 cucurbitinis
722 729 87 33 plena,
833 732 56 25 hinc
906 734 105 27 monftra
1028 745 66 28 quae;

127 762 82 33 Ppaflim
222 769 94 19 excreta
333 763 109 33 leguntur
453 761 85 30 fimiles
551 762 201 31 cucurbitinorum
767 764 75 27 larvas
855 766 67 26 faiffe
933 769 84 32 credit.
1089 772 3 1 \

127 796 105 26 „_Täles
245 797 78 24 larvae
334 804 14 17 a
357 797 81 26 multis
450 796 174 32 antiquiorum,
642 796 80 33 deina
735 796 137 29 Valisnerio
884 799 26 32 &
922 802 135 27 nuperrime
1072 810 15 18 a

127 828 109 24 Dionifio
247 829 25 22 in
284 828 58 23 Difl.
359 829 31 23 de
402 829 93 24 Taenia
505 829 174 28 deferibungur.
701 829 121 24 Articulos
837 832 67 31 hujus
916 831 94 29 noffrae
1023 835 64 25 Tae-

111 863 5 6 *
129 860 79 25 niolae
221 858 140 25 continuiffe
375 860 95 24 viderur
483 858 115 32 ejysmodi
611 857 118 26 folliculus
743 867 70 24 quem
823 860 71 28 habet
907 862 59 27 Nic.
973 863 118 30 Fontana.

128 895 25 24 in
168 890 98 27 anale&t.
282 891 46 24 abf.
342 891 79 24 rarior.
436 890 129 27 Amftelod.
581 892 69 29 1641.
685 910 4 5 p.
704 899 42 23 25,
765 891 148 36 delineatque
929 905 23 25 P.
963 900 59 26 26.2
1031 902 60 24 viro:

127 924 212 35 hypochondriaco
356 923 97 26 aflymta
467 924 71 26 uncia
551 923 104 39 Hieraep
681 932 39 30 rae
731 931 123 20 excretum
864 945 9 13 ,
889 937 47 25 quo
949 928 97 30 diffefto
1059 941 30 18 e-

126 961 105 23 micuere
243 957 202 25 cucurbitinorum
460 957 118 32 myrigdes
589 965 40 24 qui
640 957 76 32 viyidi
729 958 202 38 fubfülrgnresque
948 965 93 32 fpiculis
1058 975 26 18 o-

125 993 31 24 vis
174 992 48 25 fefe
236 992 151 25 lancinabant
405 990 25 25 &
446 991 24 25 in
490 998 60 24 aqua
564 998 47 16 uno
625 991 41 36 die
678 991 127 33 perierunt.
840 994 75 26 Addict
927 1004 81 18 eorum
1023 999 66 26 Gimi-

124 1026 35 22 les
175 1034 97 22 aegrum
289 1033 14 22 5
319 1025 139 33 feptimanis
473 1024 80 34 poltea
572 1023 128 25 excreville
717 1020 25 29 &
761 1032 107 20 curatum
884 1028 103 27 evafıffe.
1026 1031 56 26 Ma-

125 1057 85 24 nardus
228 1057 96 30 Epiftol.
342 1059 62 23 med.
422 1059 54 29 Lib.
492 1066 23 22 4.
533 1065 30 18 ex
580 1063 120 17 matronae
717 1057 115 31 zelatione
849 1059 99 35 fimilem
965 1070 123 20 memorak.

124 1088 140 26 folliculum.
298 1090 34 24 Et
355 1091 59 24 haec
432 1091 150 30 receptacula
607 1090 29 25 ab
653 1089 172 33 antiquioribus
847 1095 96 31 proprie
958 1095 80 33 Jolium
1042 1095 46 36 &

125 1121 113 33 eingulum
251 1128 129 24 vocantur,
403 1122 58 26 tefte
478 1123 162 30 Villanovanp
656 1123 103 31 Breviar.
779 1124 54 25 Lib.
848 1133 21 18 2.
887 1124 56 35 Cap.
959 1136 37 19 2ı.
1018 1129 61 26 Tale

123 1157 36 23 bis
174 1154 59 24 vidit
247 1153 151 31 Gabuciaus,
416 1157 23 23 in
452 1156 58 30 Cap.
524 1157 44 30 II.
583 1156 29 25 de
624 1157 81 30 lumbr.
719 1157 24 31 &
763 1157 23 29 P,
799 1158 87 35 Pereda
900 1161 60 24 adeo
975 1161 109 32 amplum;

123 1194 131 19 weimanum
272 1193 95 24 caperet
383 1188 114 31 ulnaeque
514 1188 174 32 longitudigem
702 1197 129 28 aequarer;
846 1187 35 38 his
897 1193 81 24 itidem
992 1190 17 28 a
1027 1194 57 35 Mi:

121 1221 98 25 Heribus
231 1219 109 26 ;hebraeis
354 1226 129 22 excrerum
496 1220 160 32 Valisnerius,
669 1223 38 24 del
722 1224 60 32 orig.
802 1222 42 27 de”
858 1222 82 35 yermi
949 1224 38 34 nel
1004 1226 79 35 corpo:

123 1262 95 17 uman..
232 1260 96 24 narrat,,
349 1252 81 26 forma:
444 1252 75 25 tubuli
538 1254 101 30 plarium
661 1256 135 31 cybitorum
815 1253 54 32 cavi
889 1263 34 18 ex
940 1255 143 35 Mmembrana;

123 1286 84 30 eraffa,
223 1287 106 30 lubrica,
347 1285 92 29 nitida,
457 1284 76 27 lücida
543 1292 73 25 atqne
630 1288 94 24 mucofa
738 1286 150 38 conftantis,
905 1289 90 35 aliguot
1009 1292 68 32 polli-

122 1317 40 27 ces
177 1318 68 30 lati,
268 1321 23 21 in
308 1321 84 30 quibus
413 1325 79 17 tamen
510 1318 79 37 potius
609 1320 91 36 taeniae
725 1320 164 37 eugurbitinae
911 1325 173 33 praecedentis;

121 1352 144 32 propagines
279 1359 127 18 contentae
416 1350 67 26 fuifle
497 1350 125 31 videntur,
639 1352 64 23 fecus
713 1359 28 16 ac
758 1359 22 16 in
798 1360 29 16 eo
840 1352 104 27 folliculo
960 1355 77 34 quem:
1042 1357 34 28 A-

120 1392 78 17 matus
210 1384 134 30 Lufitanus,
361 1385 125 25 veficulam
498 1380 71 30 inftar
576 1384 59 32 pilae
640 1385 126 28 rotundam
777 1384 140 27 referentem
926 1384 29 28 &
959 1392 124 32 vermium;

120 1424 128 23 parvorum
260 1424 208 18 concatenatorum
480 1416 116 32 myriades
610 1418 150 36 coßreentem
774 1419 40 23 fub
833 1426 81 29 agone
927 1424 103 24 excerni:
1039 1423 43 35 vie,

120 1449 41 27 dir.
167 1458 18 18 a.
192 1457 74 26 puero
280 1451 146 33 quadrimulo
435 1449 169 30 nauf&abunde
614 1468 7 12 ,
639 1451 107 31 inquieto
754 1468 13 14 „
777 1453 156 25 moribundo..
942 1456 95 24 Centur.
1052 1462 30 29 2,

653 1482 28 25 &
1003 1493 81 21 enrat;.
