1184 1608
321 73 565 34 INAUGURALIS
1050 89 34 31 17

125 137 35 25 les
175 143 29 19 ex
218 135 150 26 ovidutlibus
380 137 137 33 gallinarum
532 137 123 30 Montius,
674 138 22 24 in
711 140 133 25 ventriculo
858 139 25 26 &
899 140 113 28 inteftinis
1028 144 49 25 Oro.

124 171 42 22 sali
182 169 67 23 feutis
265 171 100 23 ventral.
385 174 43 22 168
447 171 69 23 feutis
536 170 145 31 Squamisque
701 170 178 26 fubcaudalibus
902 176 50 26 26,
974 175 23 22 in
1017 177 60 24 Phil.

125 207 70 16 trans.
218 207 21 16 n.
256 208 51 23 144.
325 211 23 22 p.
363 209 29 24 32
411 203 80 31 Tyfon
512 202 134 24 numerofos
665 202 138 37 obfervavic
815 223 6 9 ‚
845 205 127 32 eidemque
993 209 84 25 morbo

124 231 71 24 etiam
210 233 91 32 viperas
314 234 111 33 fubjelas
438 234 47 24 effe
498 234 73 29 dieit,
589 233 141 26 obfervante
740 236 61 23 idem
810 237 79 37 Redio
896 239 57 24 ob.
968 240 60 24 circa
1043 241 34 24 vi»

123 265 94 30 ventia,
235 275 81 23 opusc.
337 268 71 23 Tom.
420 268 41 22 III.
480 274 22 22 p.
517 272 43 22 29°
575 266 24 25 &
609 266 37 24 M.
665 267 58 24 Aur.
735 268 128 29 Severino;
879 278 23 15 in
915 271 93 25 Caftore
1025 280 51 17 eos-

122 294 54 28 dem
190 299 33 24 bis
234 299 142 24 obfervarunt
380 297 151 26 Parifienfes
548 306 14 16 a
578 306 15 22 4
602 313 20 4 —
631 301 15 24 8
662 300 57 31 poll.
734 299 99 32 longos,
847 301 73 25 etiam
941 304 134 27 effra&tores

120 327 59 27 Phil.
190 331 68 23 tranf.
274 339 23 16 n.
317 339 56 21 430.
392 356 3 4 .

154 362 41 24 Hoc
196 362 103 33 itaque
317 362 113 32 fingulare
447 363 92 30 prorfus
560 363 85 25 animal
664 363 90 26 homini
766 382 7 11 ,
789 365 136 31 praefertim
939 374 71 24 puero
1021 387 10 12 ,
1049 369 26 27 &

119 394 109 24 omnibus
249 395 50 25 fere
320 395 187 32 quadrupedibus
525 396 210 33 frequentifimum
754 397 84 25 malum
852 417 6 11 ,
887 399 186 27 taeniarum_in-

123 426 93 29 terdum
231 436 79 17 comes
310 429 105 28 habitat
430 436 26 17 ur
469 429 124 31 plurimum
605 431 23 23 in
643 430 86 32 Jejuno
744 430 110 26 inteftino
866 434 39 22 aut
919 441 64 17 circa
996 429 89 30 medi--

120 465 39 17 um
186 462 103 23 tenuium
307 479 8 12 ,
338 460 121 25 detentum
480 462 112 24 alimenti,.
612 463 15 23 i.
647 471 21 16 e.
687 463 80 32 chymi
784 463 147 27 fubadiffimi
953 467 119 25 abundan-

119 491 49 30 tia,
186 492 24 25 &
224 494 141 25 valuularum
378 495 170 24 conniventium
548 495 133 29 latebris,
698 501 168 20 contenterum
879 505 123 24 praeterea
1014 508 58 18 con-

116 522 100 27 Altentia
228 524 33 26 ibi
274 528 97 23 minime
384 527 157 24 incommoda.
575 527 88 24 Locum
676 528 167 24 lumbricorum
855 530 151 26 Helmontius
1018 534 51 31 jam

108 553 69 28 "dizit
191 557 46 25 efle
249 560 39 23 ubi
303 559 52 24 bilıs
366 566 89 17 amaror
465 559 116 29 mitefeit;
599 559 31 24 fic
641 560 71 24 etiam
725 560 160 26 obfervatores
901 563 104 33 plerigue
1016 573 54 17 ver-

115 588 37 23 fus
168 590 70 23 Ieum
253 591 111 24 colledtos
378 592 154 27 invenerunt,
550 599 127 23 eorumque
689 592 116 31 glomeres
817 594 23 22 in
854 594 49 24 lleo
918 596 101 26 feminae
1030 597 39 26 of-

114 619 79 25 fendit
206 622 128 29 Wepferus
358 623 43 22 cic.
421 626 44 22 8°.
489 630 22 21 p.
532 629 54 21 ı5ı.
619 622 134 24 Numerofa
771 624 130 36 adultorum
919 626 128 34 fenumque
1060 647 10 12 »

114 651 66 33 plura
195 651 95 33 fereque
302 653 122 23 innumene
434 652 117 24 infantum
566 652 115 25 cadavera
694 653 158 29 fecantimihi
866 675 7 10 ,
890 659 103 25 maxima
1010 661 59 25 fem-

113 692 44 22 per
173 692 79 18 eorum
270 686 66 24 turba
352 685 23 25 in
391 685 77 32 jejuni
485 692 61 18 cavo
556 684 48 26 vifa
623 685 47 30 eft,
689 685 25 26 &
731 686 50 25 fere
799 688 83 32 jejuno
906 692 78 24 medio
999 693 68 25 altius

112 723 50 18 non
180 717 124 26 afcendere
325 717 40 25 nifi
381 718 73 24 nimia
472 718 69 31 copia
552 717 121 32 adelfent,
697 719 147 26 videbantur.
881 723 26 23 In
924 726 143 31 ventriculo,

110 751 73 24 etiam
197 751 82 33 fponte
296 751 104 26 habitare
404 752 161 33 crediderim,
582 751 67 33 faepe
660 752 63 26 enim
735 761 54 17 eum
806 753 166 29 lumbricorum
987 761 79 31 gregi-

111 781 44 26 bus
166 784 126 26 diftentum
304 785 110 25 inteflina
426 785 27 25 iis
462 793 73 17 vacua
544 785 24 25 in
581 785 91 29 adultis,
680 792 23 18 at
716 794 52 17 raro
783 787 22 25 in
818 790 77 30 pueris
906 791 159 30 inveni,dum

110 812 62 28 forte
186 817 55 30 pulfi
256 819 23 23 in
294 818 48 24 ifkis
353 819 120 30 probitate
486 818 51 24 bilis
552 818 23 23 in
587 819 154 24 ventriculum
757 820 145 32 confugiffent
907 828 27 23 ,
955 831 59 24 quae
1027 825 37 25 in-

110 854 37 18 ers
166 850 22 22 in
205 849 127 24 infantibus
350 850 112 30 chymum
477 849 156 25 inteltinalem
648 851 28 23 iis
690 851 77 23 minus
784 853 118 30 ingratum
916 855 84 25 reddit.
1035 855 29 27 In

109 880 137 28 quibusdam
259 881 152 23 cadaueribus
421 888 42 22 per
476 881 142 23 Duodenum
634 881 109 25 extenfos
754 889 38 17 aut
809 885 83 30 pyloro
906 888 108 31 trajeltos
1025 890 36 24 vi-

108 910 38 29 di,
165 911 60 31 quod
236 918 94 24 praeter
343 918 105 17 naturam
459 911 25 25 &
498 911 62 25 forte
577 913 50 29 poft
641 914 64 36 aegri
720 921 100 17 mortem
840 916 87 27 fadtum
943 920 117 26 exiflimo.

105 942 119 25 Immenfa
236 943 67 32 faepe
319 944 70 30 copia
403 943 78 24 alvum
491 943 110 25 obfident
613 954 8 20 ;
637 947 22 22 in
675 945 128 26 infantibus
820 950 109 32 atrophia
945 953 118 26 confeltis

107 976 89 32 aliquot
208 984 100 18 centena
319 976 164 26 lumbricorum
496 984 121 17 numerare
628 978 58 34 mihi
700 979 109 31 contigit.
822 981 117 26 Celeberr.
959 987 102 23 Brende-

107 1007 43 25 lius
166 1010 22 24 in
199 1011 89 31 juvene
298 1011 84 25 novies
392 1017 95 19 centum
506 1008 25 26 &
546 1009 76 32 plures
637 1010 149 32 glomeratim
804 1019 43 23 per
863 1014 110 26 inteffina
988 1024 71 25 atque

106 1042 158 24 ventriculum
276 1053 86 23 vagos,
380 1052 52 15 cum
445 1043 188 24 inflammatione
649 1042 78 31 paffim
745 1041 26 25 &
788 1044 105 26 erofione
910 1047 48 25 imo
979 1050 79 30 perfo-

104 1072 93 24 ratione
211 1076 199 28 membranarum,
428 1076 99 24 invenit.
562 1075 104 25 Clericus
676 1083 13 15 a
705 1078 74 27 puero
792 1075 25 25 &
832 1078 77 31 puella
926 1081 66 26 ultra‘
1002 1087 54 21 cen:

101 1110 54 16 zum
175 1103 46 25 fine
243 1108 92 24 nocivis
354 1109 192 32 fymptomaribus
564 1109 92 24 excerni
676 1108 99 37 vidit'p.
797 1112 51 29 187.
869 1112 25 24 &
912 1114 22 24 in
956 1117 101 24 tertianz

103 1141 96 18 mortuo
212 1144 41 23 per
271 1139 159 33 oefophagum
443 1159 8 12 ,
475 1142 157 24 ventriculum
653 1140 24 25 &
699 1147 79 18 tenuia
794 1145 116 25 vermium
933 1148 124 32 ingentem

103 1170 97 28 turbam,
210 1170 131 26 Pancırolus
356 1180 94 22 pentec.
469 1182 19 15 1.
501 1175 50 23 obs.
563 1183 38 21 41.
638 1174 72 25 Multi
723 1182 29 17 ex
766 1183 44 17 uno
822 1177 97 26 homine
932 1180 57 24 ultra
999 1188 56 17 cen-

104 1207 68 20 tenos
189 1203 79 25 exiiffe
281 1211 106 22 narranı;
404 1206 50 30 Jac.
467 1206 118 25 Hollerius
597 1207 30 26 de
639 1209 74 23 morb.
733 1215 84 18 ıntern.
836 1210 39 25 lib.
898 1219 20 16 1.
938 1212 70 24 fchol.
1024 1214 32 24 ad

104 1241 20 15 ©.
140 1244 39 21 54.
192 1244 28 17 ex
234 1238 69 24 Mufa
315 1238 74 23 virum
401 1238 57 22 citat
473 1240 30 22 82
516 1245 111 19 annorum
639 1257 7 12 ,
664 1242 39 28 qui
722 1242 144 30 quingentos
885 1245 124 29 excrevit,
1028 1245 28 26 &

103 1264 84 29 Paulus
198 1270 29 24 de
242 1270 87 26 Pereda
340 1270 98 33 puellam
453 1270 83 30 paucis
550 1271 81 26 diebus
646 1272 49 24 fere
711 1272 108 24 millenos
835 1274 106 32 intraque
962 1278 92 30 quadri-

97 1296 98 29 ‚horium
207 1303 27 24 ad
251 1312 32 22 go
300 1304 68 33 faepe
382 1302 125 26 reddidiffe
522 1304 73 24 refeit
613 1307 15 23 I.
643 1313 19 16 1.
682 1312 20 16 c.
722 1311 22 23 5.
763 1304 29 24 de
803 1307 94 23 curand.
915 1311 74 23 morb.
998 1311 56 35 Qito

103 1333 141 31 Copiofiores
256 1344 28 17 eo
298 1337 90 33 femper
399 1335 60 26 mole
471 1337 102 24 minores
588 1338 134 24 conftanter
736 1337 120 26 obfervavi
870 1358 6 11 ,
895 1339 66 28 forte
969 1345 29 23 ob
1014 1345 42 25 al

100 1367 75 23 menti
193 1370 127 28 penuriam.
355 1368 101 27 Solitarii
479 1376 38 17 aut
533 1372 70 30 pauci
619 1372 22 23 in
658 1377 101 24 corpore
776 1370 88 33 femper
878 1376 97 24 maximi
991 1377 63 25 fünt.

121 1397 103 26 edalibus
235 1409 57 16 vero
306 1411 116 23 nunguam
439 1402 101 31 majores
553 1404 47 23 vidi
614 1412 6 20 ;
637 1410 23 17 at
680 1410 83 17 extant
780 1403 111 31 plurimae
908 1405 144 33 obfervatio-

99 1433 42 20 ass
154 1429 166 30 lumbricorum
334 1435 25 25 in
372 1435 137 25 immenfäm
526 1435 86 26 molem
627 1435 122 58 auorum
761 1454 7 12 ‚
786 1444 59 24 Quae
864 1446 48 18 non
928 1437 84 59 omnes
1025 1437 29 27 &

735 1478 6 6 “
1014 1479 42 19 er

1161 1298 10 61 |
