1192 1608
82 101 38 38 Se
215 88 424 40 DISSERTATIO
687 86 237 28 MEDBICA

82 172 69 21 nem,
169 168 76 26 neque
262 156 175 27 concoötricem
453 151 127 28 ventriculi
592 150 50 24 vim
653 166 8 11 ,
680 147 86 25 nedum
777 146 120 24 vermibus
909 146 74 24 multo
997 140 45 28 mi-

83 207 44 16 nus
140 196 77 25 ovulis
233 199 82 18 eorum
337 196 88 18 nocere
446 186 71 33 pofle.
553 185 37 23 Ita
607 183 64 24 enim
688 179 103 25 Gordius
809 179 24 23 in
852 178 82 25 calidis
956 177 88 25 anima-

84 233 57 23 lium
156 228 94 25 artubus
265 223 83 25 laetius
364 229 68 25 quam
443 220 25 24 in
482 225 60 26 aqua
550 215 85 26 crefeit
646 213 25 24 &
684 212 78 28 vivit;
781 211 85 23 vivunt
881 212 23 23 ın
919 210 49 25 finu
980 210 64 24 fron-

84 264 57 29 tali,
160 262 23 24 in
198 260 70 24 fauce
280 263 140 20 cervorum,
438 254 24 24 in
477 251 65 26 re&to
554 249 69 33 equi,
641 246 41 27 füb
701 244 61 34 pelle
773 244 72 24 boum
853 242 91 33 larvae
954 242 91 26 oeftro-

61 290 3 2 /
85 304 66 20 rum;
164 295 87 23 Acarus
263 291 89 24 farinae
362 296 54 17 cum
427 293 58 26 potu
498 284 110 24 aflumtus
620 279 138 26 Rolandero
770 276 101 25 fcabiem
879 274 166 26 inteftinorum

88 327 130 28 excitavit;
236 323 119 26 Fafciolae
371 329 30 16 ex
420 326 59 25 aqua
494 325 25 16 in
537 316 83 24 ovium
631 314 72 31 hepar
715 311 93 24 delatae
824 307 185 33 multiplicantur
1020 306 26 25 &

87 360 64 36 quafi
163 359 140 33 faginantur.
323 356 80 23 Ranas
414 358 95 26 quoque
525 349 80 24 ferunt
616 354 30 29 ex
660 344 117 33 deglutito
789 344 113 32 fpermate
918 341 61 24 intra
992 337 52 36 Cor-

87 403 43 24 pus
141 392 80 30 nafci,
237 390 62 33 quod
310 388 61 25 idem
389 394 54 17 cum
454 383 130 25 mufcarum
595 385 117 19 variarım
731 376 75 25 ovulis
818 375 35 25 fir.
873 374 94 25 Deinde
983 375 24 23 in
1022 377 29 20 a-

104 429 33 24 wis
150 425 98 26 fervidis
262 423 145 24 thermarum
422 413 162 36 Aponenfium
599 413 83 23 vivere
699 409 111 33 Dytifeos
822 425 7 11 ,
846 408 119 28 Buccina,
990 413 59 18 con-

99 466 80 22 ervas,
198 458 71 31 inque
285 453 87 34 frigida
384 452 77 25 ftatim
473 447 96 26 interire
580 450 40 19 aut
634 444 41 35 vix
686 442 71 35 horae
773 441 155 32 quadrantem
942 439 110 32 fuperfti=

88 501 36 17 tes
137 498 97 18 manere
248 488 72 26 refert
334 484 111 27 Vandelli
457 482 30 24 de
498 478 80 32 Aponi
590 477 96 24 thermis
704 473 57 24 Diff.
776 474 81 22 Patav.
879 479 70 22 1759.
967 475 23 23 8.
1021 471 32 25 &

88 524 176 28 concodtricem
278 526 96 18 omnem
389 518 49 23 vim
450 513 112 27 eludunt,
580 516 93 18 vermes
682 505 236 31 cardıaciequorum,
935 511 40 16 aut
987 504 59 23 lum-

88 558 59 27 briei
159 556 101 33 gaftrici.
293 551 152 32 Epidemicos
458 552 93 27 quoque
565 551 45 17 non
625 549 52 16 raro
692 540 96 23 morbos
807 545 55 17 cum
875 536 117 24 vermium
1007 544 42 17 ex-

89 592 108 26 cretione
211 584 139 35 conmjunetos
362 582 67 26 fuiffe
442 582 108 32 legımus.
586 576 91 25 Gentes
690 580 59 17 vero
758 570 122 34 .quasdam
896 576 57 25 prae
973 569 51 25 aliis
1036 577 17 18 a

89 623 121 27 vermibus
219 620 70 26 .male
305 617 83 26 haberi
406 615 25 26 &
449 612 187 28 mediterraneos
651 613 94 27 quoqu®
760 605 74 24 rarius
849 603 134 25 verminare
1005 602 46 27 fly-

90 659 91 24 minum
194 656 138 29 lacuumgue
343 649 86 27 accolis
439 667 6 10 ‚
455 648 52 25 fatis
518 643 159 28 confirmatum
676 638 68 27 effe
755 644 67 27 pute.
842 636 116 27 Taeniam
967 636 84 25 Arme-

91 691 51 29 nis,
149 689 63 33 Syris
223 687 26 24 &
261 686 115 24 Arabibus
390 682 132 25 endemiam
534 677 46 25 effe
592 673 177 34 Theophraftus
780 672 106 32 prodidit
901 669 62 26 Hift.
974 671 76 23 Plant.

90 724 58 24 Lib.
159 722 45 24 IV.
224 718 149 26 hinePlinius
387 713 139 27 LL.XXVIL
544 717 68 24 c.13.
632 727 6 10 „
642 710 80 27 funt,
740 706 95 32 inquit,
849 704 26 26 &
884 703 110 33 gentium
1005 702 48 25 dif-

91 774 18 14 „
126 754 117 26 ferentiae
256 759 45 17 non
309 749 133 25 medioeres
450 755 7 20 ;
463 746 58 25 ficut
530 744 134 30 accepimus
671 741 29 23 de
707 740 85 23 Tineis
801 738 166 30 lumbricisque
980 735 73 25 inefle

88 806 24 14 3,
128 786 115 32 Acgypti,
253 783 111 26 Arabiae,
371 779 99 24 Ciliciae
482 776 91 31 populis
585 782 13 26 e
608 774 94 34 diverfo
709 771 117 35 Graeciae
833 770 162 31 Phrygiaeque
1003 776 50 17 non

91 840 8 12 ,.
129 816 113 29 innafei.”
250 813 64 25 Cairi
326 813 23 23 in
359 813 110 29 Aegypto
475 804 182 38 Haffelquiftius
668 808 88 29 civium
774 807 46 17 tres
836 801 51 22 fere
901 806 91 24 quartas
1000 807 57 22 par-

92 861 37 19 wes
142 851 92 26 Taenia
251 847 42 35 (ur
307 844 125 35 plurimum
446 836 166 35 cucurbitina)
623 854 8 12 ,
649 841 103 19 maxime
765 832 104 34 Judaeos
877 830 26 26 &
914 830 83 34 vulgus
1004 832 49 24 Ae-

92 887 135 34 gyptiorum
245 881 62 33 quod
323 875 171 29 cueurbitaceis
514 873 96 31 aliisque
629 868 172 38 vegetabilibus
819 868 82 29 alitur,
919 865 66 25 minus
987 864 67 26 fre-

92 924 103 29 quenter
203 917 101 29 Coptas,
321 912 25 24 &
358 912 74 24 rarius
444 908 105 27 Turcas,
567 905 108 24 laborare
692 902 89 30 tradit,
804 901 26 25 &
841 901 46 24 has
895 899 101 33 gentiles
1007 897 46 26 dif-

91 951 116 26 ferentias
220 956 26 17 ex
260 945 82 34 diverfo
356 945 103 24 alimento
480 941 53 25 oriri
544 957 6 11 ,
567 937 120 32 verofimile
699 936 84 29 reddit,
804 935 49 25 vid.
861 933 61 32 Reja
931 933 30 24 til
970 932 88 31 Heliga.

91 985 88 26 Zander
201 990 22 24 p.
239 987 56 25 550.
323 977 113 26 Unanimi
454 974 164 26 obfervatores
635 978 42 16 ore
693 968 115 25 aflirmant
823 967 117 29 Livonis,
966 964 93 26 Ruflis-.

92 1026 50 24 que:
151 1015 117 26 Taeniam
284 1009 209 37 frequentifimum
509 1005 46 25 effe
572 1005 85 23 malum
666 1010 7 20 ;
691 1000 25 25 &
731 1000 122 31 Perropoli
864 1000 43 23 vix
919 998 72 23 alium
1002 1004 51 17 cre-

93 1051 105 25 briorem
220 1046 110 26 morbum
350 1042 46 26 efle
416 1042 66 24 addit
499 1047 45 17 van
547 1038 146 35 Doeveren.
730 1033 66 22 Idem
817 1032 87 22 malum
922 1029 84 32 Belgas
1020 1029 35 24 fa+

93 1082 124 27 miliariter
244 1084 89 26 urget,
364 1074 26 26 &
417 1076 23 23 in
462 1072 114 26 Heluetia
596 1066 135 30 Alfariaque
746 1064 99 32 vulgare
863 1062 41 25 ef.
948 1063 28 24 In
988 1062 71 25 Adis

93 1116 69 26 Med.
185 1109 144 28 Berolmenf.
359 1109 31 24 D.
415 1108 17 23 E
465 1105 48 25 vol.
537 1103 33 24 V.
604 1109 23 27 p.
650 1106 39 22 72.
720 1105 31 16 ex
771 1096 102 33 praltici
887 1097 169 26 obfervatione

94 1148 102 27 Gohlius
214 1143 99 26 affirmat
330 1142 23 24 in
376 1140 142 33 Judaeorum
538 1133 59 34 (qui
613 1132 35 37 ibi
665 1131 65 25 vitae
743 1137 89 26 genere
852 1129 25 26 &
894 1132 55 23 cibis
964 1139 14 15 a
993 1131 69 23 mobil:

95 1183 145 29 mazimopere
256 1175 90 33 differre
355 1174 72 32 folent
440 1173 14 33 ),
469 1168 129 28 infantibus
617 1172 41 17 vix
673 1164 112 25 affetum
805 1163 49 25 fine
870 1164 122 25 lumbrieis
1013 1168 47 19 aut.

93 1223 48 17 non
154 1220 79 18 ortum
249 1210 29 24 ab
292 1209 28 24 iis
341 1206 127 25 obfervari.
504 1204 32 23 Et
552 1199 59 24 haec
623 1197 50 29 fere
685 1198 82 24 iisdem
779 1205 30 20 ex
810 1197 84 25 caufis
906 1197 78 25 videri
1000 1193 60 34 pos-

94 1248 53 24 Funt
160 1242 139 29 deducenda
310 1240 59 29 effe,
387 1239 32 24 ob
433 1245 56 25 quas
499 1232 133 28 Arabibus,
650 1230 83 31 Afris,
752 1231 111 32 Indisque
884 1230 104 25 Gordius
1005 1222 52 29 cre-

94 1281 130 25 berrimum
236 1275 32 26 eft
280 1279 164 23 tormentum,
460 1270 119 28 Furiaqu®
589 1264 115 25 vaflarım
723 1265 119 31 paludium
861 1262 87 24 accolis
962 1256 102 36 proprik,

114 1313 100 25 ernicies
221 1316 55 24 ;aut
286 1308 85 33 quibus
385 1305 45 29 fit,
443 1304 61 24 utin
516 1297 89 35 aquofis
615 1297 229 32 pratishumidisque
855 1295 68 23 annis
933 1301 59 18 oves
1010 1294 48 24 fas!

95 1346 71 26 Giolis
175 1344 111 24 fcateant.
322 1339 89 32 Colligi
418 1338 72 24 etiam
502 1342 29 17 ex
542 1329 203 27 obfervationibus
762 1327 90 35 poteft,
868 1326 118 28 Taeniam
1004 1327 58 25 vul-

111 1384 69 20 arem
196 1374 167 33 feptentrionis
382 1370 111 34 gentibus
510 1366 25 26 &
553 1364 132 25 maritimae
701 1371 43 18 ore
758 1359 146 33 frequentius
923 1360 90 31 ineffe,
1030 1365 28 19 at

96 1409 175 30 cucurbitinam
281 1406 87 25 calidas
379 1404 112 31 regiones
503 1399 28 26 &
539 1398 78 24 minus
631 1396 85 33 aquofa
733 1397 56 23 loca.
803 1393 63 33 fequi
880 1411 15 13 „
907 1395 79 32 ibigue
1005 1401 51 17 cre-

94 1444 66 28 Brius
160 1441 138 27 obfervari.
316 1436 101 27 Trafus
436 1433 113 35 quosdam
566 1436 79 19 certae
663 1429 88 32 fpeciei
768 1427 107 34 Taeniae
893 1427 82 26 favere
990 1427 75 31 fupra.

95 1479 83 32 aptigi.
208 1474 83 24 Liceat
304 1472 29 24 ‚&
349 1471 46 23 hoc
413 1468 87 25 addere
520 1463 64 35 quod
607 1463 24 37 in
651 1463 81 24 ovium
752 1460 192 33 Hungaricarım
968 1460 89 32 hepate

96 1509 146 33 Schagferus
250 1507 70 33 longe
335 1503 70 26 allam
416 1499 114 28 fasciolae.
550 1497 104 34 Speciem
669 1502 72 29 quam
757 1494 30 26 in.
802 1493 103 28 nofirare
926 1491 137 29 notaverit..

167 1545 3 5 \
998 1525 67 27 Sune.
