1192 1608
12 1430 1 33 ze
6 1375 7 54 ve

86 104 34 31 46
220 97 421 42 DISSERTATIO
689 96 236 28 MEDICA

85 162 64 32 apıd
157 160 164 26 Do&ifimum
334 157 30 25 &
371 157 164 33 Experientiff.
552 156 133 25 Troschzz
698 156 39 24 M.
752 155 32 24 D.
799 155 29 24 In
840 156 55 27 fene
904 157 68 34 fupra
983 162 65 19 com-

86 199 134 21 memorato
236 192 40 33 qui
291 190 145 33 prodigiofas
454 191 69 31 faepe
544 189 201 24 cucurbitinorum
765 186 110 26 cohortes
893 188 26 25 &
939 189 108 25 Taeniae

86 234 68 25 rupta
169 226 135 32 fragmenta
315 223 152 30 reddiderat,
485 221 97 27 diffe&to
589 221 91 24 Taenia
694 222 29 22 16
731 219 85 32 pedum
828 220 65 24 Ileon
909 222 143 31 occupavit,

88 261 88 25 Raulin
187 260 15 22 I.
216 266 21 16 c.
254 257 40 25 Sic
307 258 109 24 etiam’ex
429 256 88 25 femiria
528 261 92 26 praeter
635 253 171 28 cucurbitinos,
820 259 86 24 quatuor
908 253 92 25 frulta
1015 263 31 16 20

88 293 100 33 pedum,
209 290 25 26 &
247 291 89 24 exalio
352 289 98 25 collelta
464 289 133 32 fragmenta
610 295 30 17 20
655 287 104 24 ulnarum
774 285 24 26 &
812 285 121 33 plusguam
952 292 47 17 200
1010 295 41 16 cu-

91 324 124 30 Curbitini,
233 324 30 24 de
274 324 84 31 quibus
372 322 98 24 Bianchi
481 329 22 23 p.
520 328 54 24 271.
589 328 54 23 273.
663 320 112 34 mirabilis
787 319 69 32 hujus
874 318 95 25 monftri
981 326 70 17 enor-

90 366 65 18 mem
172 358 66 31 faepe
252 355 174 33 longitudinem
437 354 95 24 docent.
567 354 64 23 Inter
643 359 107 18 trecenta
764 352 116 28 cadavera
898 352 70 25 femel
988 352 63 24 Tae-

91 392 64 25 niam
171 398 29 17 10
213 390 100 32 pedibus
325 389 131 31 longiorem
475 386 84 24 habuit
573 387 58 25 Clar.
644 385 134 26 Roedererus
792 392 77 25 progr.
887 386 88 24 Canem
991 384 60 26 duo-

92 425 74 24 denas
178 424 65 23 ulnas
261 423 96 30 longam
372 418 132 27 excreviffe
514 418 104 24 referunt
629 417 70 25 Mife.
716 424 48 16 nat.
777 425 48 16 cur.
840 418 30 23 D.
887 425 21 16 1.
919 419 30 22 A.
961 418 93 25 IV.V,

92 458 47 24 obf.
162 464 54 16 120.
234 456 51 30 Ego
296 462 29 16 ex
338 454 96 24 canibus
448 459 16 23 4
479 450 58 24 ulnis
553 458 119 24 nunquam
682 449 118 32 longiores
810 450 103 27 extraxi,
931 457 29 17 ex
974 450 78 33 homi-

93 498 31 17 ne
141 497 46 16 non
201 487 43 24 nifi
255 487 74 24 frufta
347 494 13 22 3
374 485 29 25 ad
421 487 15 21 6
447 484 88 31 pedum
554 484 73 24 habeo
649 489 97 24 quorum
763 481 101 26 latitude
878 481 125 25 multarum
1018 484 34 22 ul-

96 529 83 18 narum
197 519 173 32 longitudinem
384 517 105 27 indicat;
507 518 79 29 eaquel
594 514 119 24 Carifimo
725 513 26 24 &
762 513 181 31 Exoptatifimo
958 515 96 23 Fratrr

94 555 63 24 A.F.
169 554 89 23 Partas
272 551 37 24 M.
323 550 31 24 D.
369 548 75 26 Pradt.
456 547 140 34 Berolinenfi
606 547 92 27 debeo,
720 546 39 24 cui
770 553 52 17 cum
834 553 42 24 pro
890 544 37 25 his
940 551 49 19 tum
1001 547 52 25 aliis

94 587 93 25 auxiliis
202 584 72 25 tironi
291 582 176 26 fubminiftratis
477 581 39 25 hic
528 580 93 32 publice
637 578 88 25 referre
744 584 96 27 grates,
863 578 76 24 nullus
963 579 94 25 dubito.

95 620 70 25 Haec
178 618 84 26 eadem
278 616 93 25 Taenia
384 616 24 25 in
421 614 117 26 Helvetia
548 611 184 35 freqyentiffime
742 612 120 30 occurrit,
875 613 33 24 ita
920 618 24 19 ut
951 611 109 26 Ernftius,

94 654 38 32 qui
148 653 71 24 latam
236 658 118 24 nunguam
361 649 105 29 viderat,
483 648 146 25 cucurbitina
640 646 121 25 decimum
770 646 156 33 ferequemque
929 645 126 27 infeftari

96 686 92 25 diceret
200 684 20 33 $.
235 692 21 24 3.
267 683 114 25 Similiter
389 690 51 16 cam
448 682 109 24 omnibus
567 679 281 33 copiofiorem'Bafileae,
866 687 69 25 quam
942 679 122 25 Genevae’

98 719 26 25 &
136 719 91 24 Morati
240 723 118 25 nunqguam
371 715 180 28 obfervaverat,
569 712 242 25 Herrenfchwandius
826 712 93 26 invenit
934 711 127 26 referente-

99 751 85 25 Carolo
190 751 92 22 Bonnero
284 749 39 23 l.
335 756 21 15 c.
374 755 22 23 p.
408 750 55 27 483.
476 754 56 22 513.
551 754 23 15 v.
588 746 129 23 Doeveren
729 753 22 22 p.
767 751 39 22 29.
817 745 102 24 Clericus
933 744 94 25 teftarur
1034 744 28 29 fe,

97 788 53 22 cam
165 782 114 24 Genevae
286 780 25 23 &
318 781 23 22 in
348 779 211 28 vicinianunquam
569 776 41 23 nifi
623 777 70 22 femel
704 777 24 21 in
737 776 95 30 virgine
842 783 30 15 ex
879 777 127 23 Oceitania
1017 776 45 25 ad«

99 824 77 20 vena,
190 820 24 18 at
225 811 69 25 latäm
307 811 68 32 faepe
387 807 137 26 obfervafle.
540 807 69 24 Hanc
621 807 106 23 ultimam
741 805 42 25 ifte
795 812 78 19 tamen
887 813 30 18 ex
924 807 138 25 obfervato=

97 858 51 17 rum
157 845 139 31 teftimoniis
309 845 22 25 in
345 843 115 26 Helvetia
467 849 92 25 quoque
570 839 146 33 frequentem
730 838 47 26 effe
787 839 104 26 dedueit.
918 841 88 25 Contra
1016 848 43 19 nor

98 888 69 19 tante
184 880 85 25 eodem
283 879 116 24 Arabibus
410 876 38 34 (&
461 874 269 32 Graecis).cucurbitina
740 873 47 26 fola
798 881 57 18 nota
870 874 68 26 fuiffe
949 872 94 28 videtur
1049 891 13 14 ,

99 916 25 24 &
133 914 52 25 Itali
194 913 222 24 obfervaroreseam
425 910 70 28 folam
508 907 183 33 defcripferunt,
704 907 64 25 unde
776 908 224 39 calidisyegionibus
1012 908 51 24 frer

100 947 148 34 duentiorem
261 944 87 25 innafei
359 943 104 33 apparet.
481 942 61 23 Lata
552 947 78 30 autem
646 941 93 25 Taenia
753 941 25 24 in
794 940 172 25 Germanorum
982 941 81 31 medis

117 987 66 17 orum
197 978 161 25 monumentis
369 977 92 24 crebius
472 980 118 23 occurrit,
608 975 33 23 ita
652 979 25 18 at
689 974 128 24 Sennertus
835 974 173 24 Cucurbitinam
1024 981 38 16 ra-

101 1021 88 18 riorem
204 1011 183 33 praedicaverit.
422 1009 120 25 Linnaeus
553 1006 121 32 vulgarem
686 1006 63 23 fuam
761 1013 59 22 quac
835 1006 61 29 apud
912 1010 96 18 autores
1019 1005 47 24 fub,

101 1049 62 22 latae
174 1045 96 24 nomine
285 1042 222 31 comprehenditur,
525 1039 179 32 vulgatiflimam
716 1037 24 23 in
757 1036 99 24 homine
867 1042 81 18 vocat.
980 1037 26 25 In
1022 1037 44 30 Liz

103 1078 73 25 vonia
188 1093 8 13 ,
214 1075 78 24 Ruflia
307 1074 26 25 &
342 1074 82 32 Belgio
435 1079 111 26 quantum
563 1070 104 24 abundet
677 1075 29 16 ex
721 1068 147 36 medicorum
882 1068 134 27 teftimonio
1033 1071 29 23 li-

103 1116 65 28 quet.
201 1108 30 24 Et
247 1114 132 25 quanquam
396 1106 173 25 cucurbitinam
585 1101 89 36 faepius
681 1100 103 37 viderim
799 1108 70 24 quam
884 1102 72 26 latam
973 1105 24 23 in
1013 1111 52 17 me-

104 1141 139 28 diterraneis
253 1140 143 24 Germaniae
408 1138 136 33 regionibus
553 1151 10 13 ,
572 1133 24 25 &
603 1141 23 16 in
634 1134 156 36 canibuseam
798 1134 50 24 fere
860 1134 92 34 femper
964 1137 101 24 invene-

104 1178 60 28 rim;
182 1180 79 19 tamen
276 1179 29 17 ex
317 1171 74 24 allatis
403 1170 132 28 concludo,
545 1174 59 29 eam
611 1166 149 26 calidioribus
773 1168 124 32 regionibus
900 1169 165 33 frequentio-

104 1205 51 29 rem
176 1207 46 25 effe
239 1225 7 11 ,
273 1211 69 27 quam
359 1203 48 24 lara
422 1203 25 24 &
462 1203 62 30 hanc
525 1207 42 31 in
567 1199 270 37 feptentrionaligribus
856 1203 77 31 magis
955 1209 112 24 regnare,

105 1242 117 31 Exemplo
234 1239 71 25 etiam
323 1235 145 26 Genevenfis
480 1239 104 26 regionis
596 1229 91 41 eonftat
703 1234 97 33 angufto
821 1235 70 30 faepe
905 1233 75 24 traftu
993 1240 74 17 unam

106 1275 102 33 fpeciem
220 1280 55 25 prae
287 1271 44 25 alia
347 1268 130 27 obfervari.
500 1267 31 24 Et
547 1265 45 24 lata
604 1267 118 24 märitima
733 1268 78 31 potius
824 1284 7 11 ,
856 1265 148 25 cucurbitina
1014 1273 52 19 me-,

107 1308 134 24 diterranea
253 1312 79 17 amare
345 1303 103 25 videtur.,
478 1301 93 25 Verum
583 1304 106 28 utramgque
691 1300 71 25 fert
774 1298 76 26 omnis
864 1297 81 32 tellus,
963 1304 103 21 tantum-

107 1338 75 27 imodo
199 1337 186 32 frequentiorem
404 1336 143 24 alterutram.
689 1341 16 15 .
1064 1350 5 11 ,

141 1372 92 23 Locum
241 1370 105 24 Taeniae
352 1369 24 24 &
385 1368 98 32 hujus&
491 1366 137 31 reliquarum
637 1364 78 32 femper
718 1364 39 24 in
765 1363 49 25 lleo
821 1361 25 26 &
853 1362 85 33 Jejuno
944 1365 45 27 ee
995 1374 30 18 ex
1031 1366 39 25 in-

107 1403 104 29 numeris
219 1402 120 24 anicidiis
346 1401 146 32 &plerisque
498 1400 97 23 aliorum
601 1397 204 30 obferyationibus
811 1397 202 28 concludo.Inveni
1016 1400 52 25 in-

109 1438 94 26 terdum
213 1435 159 24 cucurbitinos
378 1433 115 32 fejundtos
500 1430 186 33 fparfos.usquead
686 1430 64 24 llei
756 1430 115 25 valvulam
879 1450 6 10 ,
893 1430 25 26 &
924 1433 23 24 in
955 1433 48 31 ipfo
1009 1440 60 25 quo-

109 1480 46 27 que
166 1467 66 28 eoeci
240 1467 81 38 facco;
332 1468 25 23 In
362 1466 77 33 jejuni
446 1472 78 18 tamen
529 1462 75 39 initio
610 1464 40 24 ubi
657 1464 86 36 chymus
745 1463 225 37 biliofusabundat
979 1466 94 30 ‚nullog

110 1510 104 30 unquam
223 1500 60 27 vidi.
294 1499 180 35 Circapylorum
483 1495 159 44 canisdecem
642 1497 92 26 Taenias
736 1496 155 34 tripedales,
896 1497 28 31 &
927 1499 25 25 in
954 1505 119 30 extremo

1023 1531 50 27 Dei
