1192 1608
267 82 836 59 AINAUGURALISA

136 152 136 26 efferuntur.
308 152 141 28 Laudäbiles
466 160 123 27 praeterea
608 158 105 25 acidulae
727 158 26 26 &
770 156 215 38 purgantia’omnia
999 167 97 26 mecha-

135 187 54 23 nice
200 185 125 32 lumbricos
337 187 118 31 pellentia.
493 189 121 25 Gloriatur
634 191 23 23 fe
674 193 90 24 taenias
782 195 59 31 ipfas
860 195 25 26 &
904 197 126 33 lumbricos
1048 208 41 17 vo.

135 219 58 21 mitu
206 217 101 34 alvaque
318 220 112 32 depuliffe
437 221 42 25 fuis
491 230 74 23 aegrıs
573 224 87 22 Anton.
672 225 106 29 Stoerck,
788 228 58 24 Salis
858 230 104 31 polychr.
970 232 116 30 pulveris-

134 254 45 26 que
186 251 64 24 radd.
258 252 111 32 Jalappae
376 253 24 24 &
411 254 140 24 Valerianae
559 255 14 23 f.
583 255 46 31 phu
641 263 43 16 ana
693 258 31 31 zj.
740 259 80 24 mixtis
834 267 52 17 cum
893 263 130 32 Oxymellis
1036 262 60 28 feil-

133 282 60 26 litici
206 283 54 34 Ziv,
277 291 70 26 atgque
359 285 59 24 datis
431 293 80 23 quarer
521 287 29 23 de
559 288 39 23 die
608 288 83 25 adultis
702 290 27 24 ad
742 290 140 26 femunciam
891 312 6 10 ‚
913 295 131 31 Junioribus
1057 299 29 25 ad

133 316 136 24 drachmam
282 324 39 16 aut
334 317 64 24 duas.
402 318 57 24 Vid.
467 320 96 22 Annum
570 320 90 25 Medic.
674 323 104 24 Vindob.
791 326 68 29 1760.
868 328 45 23 8vo.
932 336 22 23 P-
969 337 52 24 103.
1032 334 55 28 169.

166 348 131 32 Singularia
313 357 61 25 nunc
394 350 75 32 aliqua
485 351 121 26 feftemur.
639 355 22 24 A
676 356 138 25 variolaceis
834 358 81 25 crultis
932 363 109 24 comellis
1057 366 34 24 ab

132 380 93 25 infante
244 382 118 31 copiofam
367 384 127 32 vermium
512 387 184 34 excretionem,,
714 391 160 24 communicat
890 392 91 25 Comm.
999 395 85 26 Litter.

131 413 63 24 Nor.
207 414 55 24 Vol.
276 416 41 22 IIl.
335 424 22 22 p.
371 421 53 26 377.
444 417 92 35 Quovis
552 424 70 19 mane
625 428 86 24 epoto
730 423 117 25 cochleari
849 425 55 24 olei
906 426 37 23 f.
963 427 123 32 pinguedi-

132 446 38 24 nis
184 447 130 31 Bälaenae,
332 449 136 34 interpofico
478 451 97 24 fubinde
586 460 129 25 purgante,
724 463 94 18 vermes
830 465 82 17 curant
926 459 77 25 ruftici
1014 462 74 24 Saxo-

131 479 55 24 niae
200 479 118 26 inferioris
329 490 6 20 ;
359 479 47 27 hoc
421 483 72 24 modo
509 489 40 19 eos
565 492 110 23 potenter
694 494 152 27 mortuosqüe
863 499 41 23 per
920 494 166 31 purgätionem

131 513 86 31 expelli
234 514 23 24 in
279 514 23 24 fe
319 514 50 31 ipfo
386 516 22 23 in
431 516 99 30 pueritia
552 524 110 25 expertus
681 521 106 25 närravic
803 523 96 25 amici.
936 526 150 32 Hillefeldius.

130 545 129 25 Lumbrico
271 547 126 25 inteftinali
409 549 28 22 ad
448 549 71 23 folem
532 549 85 25 ficcato
629 551 24 25 &
669 553 22 23 in
708 554 96 29 pulvere
820 563 39 16 au
876 558 128 25 ele&uario
1020 561 66 24 exhi-

131 577 51 24 bito
212 586 96 24 agyrtae
329 581 115 23 vermium
469 583 94 22 agmina
590 583 58 23 mira
672 584 104 25 eflicacia
802 589 138 30 expellunt;
964 586 63 30 idem
1051 594 35 23 lo-

129 617 102 22 quuntur
242 611 59 23 Adta
313 612 58 23 Nat.
386 619 48 16 cur.
452 618 47 17 vol.
514 621 20 15 1.
553 621 22 21 p.
588 617 56 25 448.
661 615 26 23 &
698 618 158 29 antiquiorum
876 622 67 23 multi
955 623 46 23 hoc
1012 626 74 23 medi«

129 648 135 16 camentum
286 648 52 17 utut
357 643 114 23 fordidum
483 644 130 23 laudarunt.
649 646 52 30 Ipfe
718 648 46 23 feio
778 648 100 26 fortuito
895 655 131 25 tentamine
1044 655 41 27 dak

127 679 54 19 zum
194 674 137 23 Iombrieum
344 675 91 30 puellae
445 675 136 32 graviflimis
594 677 93 34 fpafmis
702 687 29 17 ex
746 683 176 28 verminofitate
933 694 77 18 tortae
1019 708 6 10 ,
1036 696 51 19 tae«

129 707 51 24 nias
198 705 26 25 &
239 707 127 24 lumbricos
383 714 110 25 potenter
508 710 105 32 miraque
628 713 67 31 copia
712 714 107 32 ejeciffe;
836 716 25 25 &
877 720 136 26 carnificum
1028 728 58 27 quor

123 739 104 25 rundam
248 740 132 26 remediam
396 749 83 17 contra
498 749 113 26 equorum
629 753 112 24 vermes,
759 749 35 25 eft
805 752 144 26 ventriculus
963 756 54 31 equi
1032 762 53 19 ver-

124 773 87 24 minofi
226 781 52 17 cum
296 776 121 24 contentis
437 777 120 33 lumbricis
573 779 140 25 combuftus.
749 782 84 25 Talem
851 785 166 27 lumbricorum
1033 790 52 31 pul-

117 814 92 16 «verem
224 816 42 21 per
277 809 106 24 admixta
392 810 71 23 ovula
473 811 133 34 exhibitum
617 813 141 25 revivifcere
774 814 66 26 multi
854 817 153 27 crediderunr
1017 831 67 19 „ne

128 845 46 24 que
195 846 87 24 negare
299 840 93 24 videtur
410 842 143 23 Valifnerius
566 851 7 19 ;
592 850 24 16 at
634 846 18 22 is
669 852 77 16 metus
770 849 93 28 prorfus
883 856 78 26 vanus
975 853 107 31 videtur,

117 874 63 19 -cutn
192 871 70 23 ovula
272 871 24 23 in
308 874 87 26 ovarjıs
406 874 102 22 nondum
525 874 143 27 foecundara
684 876 49 24 fint.
747 878 62 24 Fieri
820 881 63 25 enim
891 878 74 36 poilke
977 893 24 17 ur
1011 893 77 26 quan-

127 910 70 23 quam
213 902 115 26 exficcata
343 906 107 29 penitus,
468 907 110 31 exemplo
583 907 96 34 feminii
693 910 185 36 Monoculorum
890 917 130 26 alierumve
1034 921 49 23 ani-

125 933 99 26 malium
245 942 114 25 vegetare
376 936 78 24 denuo
470 938 85 29 poflint
574 941 130 32 äccedente
719 941 115 27 Humore,
855 947 57 25 Vid,
926 951 113 26 Schaefer
1051 953 35 25 de

117 969 146 24 ‚monoculo.
300 969 126 25 Needham
442 970 178 32 microfcopical
633 974 124 31 Enquiries
768 982 46 18 cet.

157 1002 169 33 Experımenta
348 1010 93 26 quoque
459 1004 115 32 attingam
596 1013 59 28 quae
678 1007 59 23 varii
757 1016 62 16 cum‘
830 1010 119 27 lumbricis
960 1016 125 26 inteftina..

112 1035 74 24 «libus
197 1036 165 31 inftituerunt,
388 1044 26 17 ut
433 1037 87 33 liquida
537 1038 28 24 iis
583 1045 102 18 maxime
703 1039 99 37 adverfa
819 1045 181 30 Sognofeerent,
1019 1050 70 25 »Re-

125 1066 53 24 dius
193 1068 55 23 talia
266 1072 88 28 primus
374 1070 58 25 fecit
450 1072 23 23 in
492 1070 178 26 intefinalibus.
683 1078 87 25 pariter
792 1082 27 17 ac
841 1076 24 24 in
884 1082 116 30 terrenis,
1023 1085 70 31 quo-'

123 1107 51 15 zum
192 1100 94 30 quidem
305 1103 49 24 iftz
366 1103 91 31 prorfas
475 1104 92 25 inutilia
583 1106 68 28 fuhr,
676 1113 69 25 quum
763 1106 23 24 hi
805 1109 29 24 ab
852 1110 45 25 illis
915 1120 81 19 natura
1009 1115 72 26 &.in-

124 1131 55 24 dole
201 1138 51 17 toto
274 1136 67 23 coelo
361 1135 118 25 differant.
519 1138 23 24 Is
563 1139 23 24 in
609 1138 169 25 inteftinalibus
798 1145 82 28 Paucis
900 1154 111 25 expertus
1020 1147 66 32 'eft,,

124 1171 41 17 eos
176 1165 23 23 in
212 1163 60 25 ficco
285 1168 65 23 brevi
363 1169 90 29 perire,
473 1177 22 15 ın
507 1178 59 23 aqua
580 1172 119 24 Nuceriae
712 1172 25 24 &
754 1172 97 29 fontana
870 1177 87 34 frigida
977 1181 52 30 poft
1046 1184 39 22 60:

123 1196 41 26 aut
178 1196 31 33 70
221 1195 67 28 horas
301 1200 96 28 vivere,
414 1201 73 23 etiam
501 1203 74 24 indita
589 1206 23 23 ei
627 1212 75 17 terrae
717 1205 112 33 figillatae
849 1212 69 29 copia
929 1219 7 21 ;
954 1220 46 23 per
1014 1214 66 25 idem

122 1229 52 27 fere
185 1231 99 32 fpatium
296 1232 112 24 vixerunt
420 1233 22 22 in
457 1233 75 25 infufo
543 1243 76 25 aqueo
636 1238 138 30 corallinae,
792 1248 76 24 neque
881 1244 126 31 quidquam
1028 1247 50 25 mür-

123 1269 54 19 tant
192 1265 90 26 rafurae
297 1267 75 24 Cornu
388 1265 88 30 Cervi,
493 1267 168 27 Rhinocerotis
678 1278 38 16 aut
733 1271 107 25 fimilium
855 1275 90 25 inditae
956 1285 7 22 ;
982 1279 98 32 triginta

106 1310 9 12 «
123 1296 64 25 horis
201 1299 22 22 in
236 1299 114 25 infufione
363 1299 62 24 alo&s
435 1300 188 33 palpitaverunt;
640 1310 24 17 at
684 1304 108 35 celeriter
812 1308 133 25 moriuntur
960 1311 23 24 in
1004 1315 81 24 muria.

121 1328 69 31 falis,
207 1331 99 25 celerıus
321 1333 22 24 in
360 1340 58 25 agua
434 1333 76 29 vitae,
528 1336 82 30 quibus
628 1337 132 30 pharmacis
777 1344 77 19 tamen
873 1343 83 25 melius
967 1343 112 29 refiftunt

121 1368 70 24 quam
210 1366 94 23 terreni.
342 1365 110 32 In‘aquis
468 1366 121 26 deftillatis
611 1369 85 24 Aörum
718 1377 89 17 aurant.
827 1373 69 25 rofar.
920 1375 25 26 &
964 1381 69 30 myrti
1049 1381 29 24 ad

120 1393 116 26 fümmum
245 1398 71 23 ..intra
336 1399 83 24 decem
438 1399 68 23 horas
524 1400 119 26 intereunt
656 1419 8 13 »
684 1401 25 25 &
725 1405 90 29 parvuli
828 1406 23 25 in
866 1408 28 24 iis
909 1408 77 27 ftatim
1003 1413 74 23 extin-

121 1432 118 24 guuntur;
258 1430 51 31 poft
327 1437 47 18 tres
393 1438 131 25 quatuorve
541 1434 68 25 horas
625 1436 22 23 in
664 1443 58 24 aqua
737 1436 135 28 faccharata
884 1450 7 20 ;
917 1443 61 24 laete
993 1446 85 22 vivunt

120 1459 25 23 in
157 1458 56 24 vino
227 1467 81 19 contra
322 1471 27 16 ac
361 1465 95 28 terreni,
467 1466 47 23 imo
528 1466 91 33 longius
630 1476 67 24 quam
711 1470 22 24 in
744 1478 64 24 aqua.
825 1472 84 26 Oleum
917 1483 57 16 vero
981 1484 46 16 non
1037 1484 41 15 no-

118 1498 39 18 cet
166 1491 181 36 inteftinalibus,
355 1497 62 33 quod
426 1505 52 19 cum
487 1499 31 24 ol.
526 1500 167 27 lumbricorum
701 1501 219 35 &alexipharmaco
926 1515 113 51 expertus
1040 1508 38 58 ft

106 1538 68 8 oo.
630 1535 26 25 D
1057 1549 27 19 Eu

1163 1302 5 68 |

1163 1371 5 46 |

1171 1302 2 7 f
