1192 1608
27 95 35 20 4°

17 1315 39 38 2

168 134 36 25 So
205 130 116 26 DET
323 129 69 26 LTe
385 129 53 26 ES
441 128 113 26 IESCEN
553 126 365 27 SCHE
1035 132 17 12 es

759 177 73 14 En
1009 183 12 7 En

129 135 39 23 bs

130 228 720 57 IE

129 275 152 63 Inne
285 312 75 24 se
364 311 75 23 no
442 309 118 35 aunes

205 390 479 31 DISSERTATIO
743 389 267 29 MEDICA

301 451 626 31 INAUGURALIS

573 544 72 25 DE

129 631 382 58 INFESTIS
540 628 548 71 VIVENTIBUS

209 720 291 61 INTRA
536 719 464 60 VIVENTIA.

315 847 118 24 nnumeris
450 845 139 32 jamdudum
614 844 105 25 conftitit
739 844 203 25 obfervationibus
954 861 9 13 ,
990 836 95 34 vermes

293 877 12 24 M
324 886 68 23 atque
411 878 144 24 Infe&torum
567 878 92 28 larvas,
677 877 56 32 quin
751 876 24 25 &
790 876 61 31 ipfa,
870 883 26 18 ut
907 884 26 17 ut
944 878 87 29 rarius,
1048 878 36 24 in-

298 916 6 17 K
324 910 61 25 feta
402 910 107 31 perfecta
526 911 24 22 in
563 911 108 23 omnibus
684 910 50 24 fere
752 909 134 25 animalium
904 918 125 23 corporum
1046 918 38 17 re-

293 942 127 24 ceilibus
432 942 115 28 inveniri,
563 942 95 31 ibigue,
672 948 86 25 magno
769 942 68 30 faepe
850 943 136 24 animalium
998 944 23 23 in
1032 943 52 32 qui-

323 976 41 23 bus
377 974 120 24 verfantur
510 973 157 29 detrimento,
684 974 95 30 optimis
795 974 82 24 horum
894 976 74 24 füccis
981 976 83 24 nutriri
1075 984 9 21 5

139 1014 75 9 RED
298 1016 3 2 *
324 1008 138 35 Quanquam
481 1007 64 24 enim
562 1006 23 23 in
600 1006 82 30 primis
698 1006 46 34 vis
763 1006 139 35 animalcula
917 1008 43 22 ifta
974 1009 110 24 morbofa

127 1043 185 32 frequentiffime
332 1042 107 25 habitent
450 1058 9 13 ,
486 1046 97 26 quorum
600 1037 113 37 quaedam
735 1037 112 30 inquilina
868 1037 62 32 quafi
949 1037 26 26 &
989 1039 94 27 addieta

126 1076 140 25 animalibus
282 1075 127 31 majorıbus
425 1074 76 24 videri
516 1071 103 33 poflunt,
637 1077 93 26 origine
747 1076 79 17 eorum
841 1078 56 17 vera
915 1080 72 24 usque
1006 1073 77 24 adhuc

125 1108 137 30 incognita,
280 1108 81 24 faliem
376 1107 101 24 maxime
491 1106 70 25 dubia
572 1103 92 26 relieta:
682 1103 95 24 Nullum
791 1109 79 19 tamen
883 1105 24 24 in
922 1106 161 24 animantibus

127 1147 78 25 neque
215 1140 92 28 vifcus,
324 1148 76 23 neque
415 1139 58 24 nido
486 1146 67 24 aptus
572 1138 66 24 locus
653 1137 57 24 ullus
722 1143 13 16 a
750 1136 120 36 parafitica
886 1137 81 25 fobole
982 1137 102 25 inta&tus

126 1180 70 25 atque
209 1172 110 23 immunis
331 1178 92 22 manet,
433 1179 59 23 quae
503 1171 37 23 vel
553 1171 52 23 cafü
616 1170 101 32 quodam
730 1170 81 24 rariori
823 1177 83 17 contra
918 1177 96 18 naturae
1027 1170 57 24 fuae

126 1205 107 26 indolem
249 1209 99 25 corpora
366 1203 128 28 fubintrat,
511 1204 38 22 vel
563 1203 55 30 lege
636 1208 112 23 naturae,
766 1203 33 22 uti
812 1203 83 23 Florae
912 1202 122 30 parafitica
1046 1203 36 23 in-

127 1238 80 30 fe&ta,
228 1240 91 23 certüäm
337 1233 85 26 animal
441 1241 137 26 certumgue
595 1235 107 24 animalis
715 1241 114 26 organum
848 1234 95 24 infeftat
959 1241 71 25 atque
1046 1234 36 25 in-

127 1272 66 23 eolit.
362 1281 3 4 .
509 1283 10 6 -

160 1303 60 25 Non
235 1303 83 25 inutile
335 1302 50 25 fore
402 1299 98 30 cenfeo,
518 1299 96 26 brevem
630 1305 112 27 guantum
758 1299 50 25 fieri
819 1299 79 31 potuit
912 1299 112 25 fummam
1039 1301 45 24 ob-

128 1336 159 26 fervationum
307 1337 68 31 hujus
390 1333 106 34 generis,
514 1333 106 24 locorum
636 1332 201 28 enymerationem
852 1339 13 16 a
878 1332 112 25 morbofis
1005 1334 77 31 hofpi-

128 1371 61 24 tibus
206 1368 218 33 freguentatorum,
443 1365 25 25 &
477 1366 76 24 varias
563 1366 95 24 iftorum
672 1365 90 31 fpecies
772 1365 166 30 praemittere:
958 1366 42 25 eıfi
1012 1367 31 24 de
1054 1368 31 24 iis

100 1412 4 3 -
127 1401 140 32 praefertim
282 1402 167 30 fpeciatimque
461 1406 72 25 agere
546 1400 89 24 animus
646 1397 27 25 fit
686 1405 61 25 quae
757 1404 28 17 ex
796 1397 126 26 Vermium
937 1399 68 25 claffe
1016 1400 69 30 fune,

128 1434 141 26 animalibus
284 1441 24 29 ut
319 1434 101 24 maxime
432 1432 161 32 frequentibus
602 1437 70 26 atque
683 1430 174 25 nacentiflimis.

160 1467 69 32 Itague
232 1467 63 26 fub
301 1467 132 32 epiderinide
443 1464 138 35 praefertim
592 1465 102 25 hominis
706 1472 82 17 acarus
801 1465 101 30 fcabiei,
912 1472 70 18 acaro
995 1465 93 28 farinde

694 1497 25 25 A
1031 1498 59 23 con
