1184 1608
368 84 569 29 INAUGURTALIS
1088 89 41 30 &Y.

166 151 61 27 Sunt
242 149 100 31 denique
352 146 179 26 obfervationes
546 150 144 27 repertarum
704 145 24 24 in
743 151 61 25 aqua
819 143 152 39 Taeniarım.
1006 145 118 38 Linnaei;

169 183 106 28 Gaddü,
292 181 25 25 &
330 181 105 30 Unzeri,
453 185 26 19 ut
489 178 25 25 &
527 178 61 25 Clar.
600 185 46 17 van
657 178 128 24 Doeveren
798 183 157 26 experientias
966 176 104 32 fuperius
1081 180 41 24 fuo

170 217 55 22 loco
239 214 81 30 retuli,
339 213 25 25 &
374 213 143 25 Hirudinem
530 210 130 33 depreflam
676 210 89 37 albam,
782 211 145 31 marginibus
940 211 73 37 acutis
1025 211 97 25 Faunae

167 248 116 24 Suecicae
293 255 72 24 ‚quae
379 246 35 23 eft
428 245 92 23 Taenia
531 245 61 27 lata,
608 244 23 36 in
643 250 64 24 aquis
722 242 148 36 frequentem
882 242 45 36 efle
940 244 118 23 Linnaeus
1066 252 54 22 pro-

167 280 62 24 didit
242 299 6 10 ,
266 281 62 22 unde
346 278 62 23 forte
422 277 24 23 in
461 276 71 24 certis
550 283 125 24 praecipue
692 274 62 37 foflis
768 274 103 31 piscibus
885 274 83 36 infefta
984 274 46 26 efle
1049 275 72 37 foler,

167 313 79 32 prouti
259 312 66 29 fupra
337 309 88 25 monui.
459 309 59 24 Dixi
530 309 70 24 etiam
612 308 30 23 de
653 313 103 30 excretis
771 314 13 17 a
796 314 76 30 puero
881 306 105 37 Tipulae
999 315 123 26 aquaticae

168 344 71 26 darvis
257 350 44 17 una
318 350 54 17 cum
388 342 108 24 Taeniae
512 341 103 32 vulgaris
631 341 109 23 maximis
756 339 106 29 laciniis,
879 338 71 38 idque
964 347 78 18 ortum
1058 342 63 24 Tae-

169 377 90 24 niarum
272 383 29 17 ex
311 383 60 25 aqua
382 382 47 17 non
441 382 81 24 parum
536 373 103 25 ftabilire
655 373 126 24 videbitur.
816 372 31 24 Et
861 372 54 24 talia
917 371 60 38 fere
993 373 52 36 fünt
1060 382 61 24 quae

166 409 63 24 hanc
240 409 115 24 theoriam
369 407 115 31 imprimis
494 412 98 23 ornant;
610 405 120 26 videamus
743 412 63 17 nunc
820 411 130 23 contraria,
967 405 70 24 miflis
1047 407 75 24 levio-

165 442 66 24 ribus
245 441 25 25 &
281 441 75 25 vaniis
371 439 181 33 objeltiunculis
564 457 6 12 ,
588 439 104 25 firmiora
706 445 30 17 ex
747 438 167 25 Valisnerianis
929 437 78 26 dubiis
1023 438 99 34 feligen-

165 480 48 21 tes,

200 510 66 24 Inter
278 509 60 25 haec
350 515 64 18 nunc
425 505 157 33 graviffimum
592 505 115 37 praebent
722 513 93 18 vermes
826 507 22 23 in
865 504 109 26 foetubus
990 504 28 26 &
1036 504 89 27 latten-
1135 515 29 39 H#

167 541 64 31 übus
245 540 138 30 obferväti,,
401 546 98 25 quorum
516 538 71 24 fidem
602 545 87 25 negäre
703 545 40 17 aut
762 545 77 16 ortum
860 538 117 30 explicare
994 545 70 16 nemo
1080 546 43 23 po-

167 578 52 19 teft.
280 581 68 17 Deinde
364 572 62 33 quod
439 571 118 25 Taeniam
573 570 25 25 &
614 571 136 31 praeferim
767 571 153 24 Lumbricum
937 576 100 19 teretem
1057 578 70 18 exırz
1147 565 19 62 j

167 606 104 23 animale
284 613 84 22 corpus
378 606 24 22 in
416 612 78 16 rerum
508 612 29 15 natara
0 0 1184 1608 vere
0 0 1184 1608 habilare
539 604 493 55 Duscuam
0 0 1184 1608 videmus:
1040 604 85 24 Exem-

167 637 40 30 pla
217 637 143 23 Taeniarum
369 636 27 24 in
408 636 65 31 aquis
484 642 143 24 repertarum
655 643 23 16 hic
701 643 71 16 fruftra
781 635 99 31 jattabis
894 653 6 11 ,
919 641 163 26 praeterquam
1099 645 24 16 e-
1152 636 14 36 fi

167 668 49 24 nim
228 668 63 32 quod
301 668 128 24 Lumbricus
431 673 84 18 teres
529 668 24 24 in
565 668 136 24 animalibus
715 667 94 24 Taenia
823 668 70 31 longe
906 667 158 32 frequentior,
1083 677 40 17 ex-

168 706 38 19 tra
220 701 55 24 illad
293 700 60 24 vifus
370 707 118 25 nunquam
507 699 41 31 fit,
564 701 50 31 quis
630 707 47 17 non
693 698 53 26 iftas
766 707 112 25 aquarum
899 700 104 25 alumnas
1018 702 77 31 potius
1113 711 13 16 a

172 734 113 31 quopiam
294 733 93 25 animali
403 739 107 19 excretas
521 732 26 25 &
563 733 24 23 in
602 740 58 23 aqua
674 732 120 31 fervatas,
812 741 68 24 quam
895 733 104 31 ejusdem
1015 734 113 26 elementi

170 767 67 25 cives
248 766 45 26 effe
303 766 66 26 dicet
380 775 54 17 cum
450 766 55 33 Joh.
522 765 75 25 Hillio
611 764 88 34 hiftory
714 765 29 25 of
753 766 108 26 Animals
878 774 21 24 p.
914 774 37 23 ı5.
985 767 94 25 Etenim
1091 776 36 15 ra-

168 800 87 24 riffime
266 801 24 24 in
300 801 66 30 aquis
377 806 119 25 repertum
511 799 103 29 animal,
632 800 29 24 ab
677 800 96 23 homine
786 800 75 24 infcio
875 806 39 17 aut
926 800 135 24 domeflieis
1077 801 49 23 ani-

164 832 119 28 malibus,
298 833 63 22 adeo
371 832 138 30 frequenter
519 839 53 15 cum
586 837 57 23 potu
655 832 91 22 hauriri
754 839 68 23 quam
834 831 141 24 incredibile
990 832 40 23 eft.
1056 832 71 32 Sique

162 864 79 23 ovula
252 863 107 24 Taeniae
379 863 65 31 aquis
462 862 108 24 innatare
584 862 41 24 vix
641 862 125 30 confpicua
779 863 121 27 dicamus,
919 869 78 19 tamen
1013 865 28 23 ad
1058 866 69 24 mini-

168 902 66 17 mum
249 894 83 25 eadem
344 894 134 32 frequentia
497 894 60 32 (nifi
571 901 57 17 vere
639 894 74 24 multo
728 894 94 33 major)
840 895 93 25 adultae
945 897 107 24 T’aeniae
1065 899 23 23 in
1102 906 25 16 a-

165 928 56 32 quis
232 935 29 17 ac
271 927 114 25 inteftinis
403 926 47 25 effe
464 927 106 24 deberet.
594 927 122 26 Lumbriei
728 933 78 18 autem
821 928 146 27 inteflinales
982 932 89 23 excreti
1085 931 43 24 fta-

165 961 48 24 tim
224 967 116 26 pereunt,
357 960 95 25 Taenia
465 960 117 25 tenaciori
599 961 51 24 vita
664 963 23 23 in
697 968 65 24 aqua
763 960 126 33 fuperftes
903 962 46 26 effe
965 963 74 30 folet,
1058 969 76 27 atque

169 994 57 25 hinc
245 994 70 26 facile
333 994 160 32 explicabitur
511 1001 72 24 quare
598 995 78 24 taenia
693 994 48 25 vifa
756 993 27 25 fit
802 996 24 24 in
844 996 83 29 undis,
951 996 60 24 haud
1027 1005 104 23 unguam

161 1027 145 25 -Jumbricus.
339 1028 124 26 Praeterea
477 1028 86 24 Unzeri
577 1028 134 24 obfervatio
722 1026 108 26 fdifima
841 1030 105 22 omnium
959 1029 57 24 mihi
1032 1036 46 17 non
1095 1029 36 24 vi-

162 1058 89 29 detür,
269 1060 63 29 quod
345 1061 107 23 Kleinius
463 1061 25 22 in
505 1060 175 31 Herpetologia
692 1061 62 24 bene
763 1062 106 27 monuit;
887 1068 68 24 quam
969 1069 59 24 vaga
1050 1068 80 17 autem

166 1096 74 25 atque
259 1090 89 26 lubrica
366 1092 131 24 Linnaeana
516 1090 27 27 fit
560 1099 56 19 ante
631 1101 49 26 jam
699 1093 103 32 pandere
819 1094 130 31 fategimus.
976 1093 86 25 Clarifl.
1081 1101 49 17 van

169 1122 129 36 Doeveren
311 1124 104 25 credidit
428 1130 108 19 naturam
548 1126 177 33 Zoophytorum
744 1127 161 31 aquaticorum
921 1126 97 25 fimilem
1030 1127 23 23 in
1065 1127 65 24 Tae-
1150 1135 7 5 °

160 1162 66 22 -nia,
244 1155 86 31 origini
343 1156 51 32 ejus
406 1164 31 17 ex
449 1165 61 23 aqua
520 1159 143 29 patrocinari
673 1167 7 21 ;
693 1164 24 18 at
725 1159 150 32 Zoophytum
888 1160 23 23 in
924 1160 45 23 alio
979 1159 72 24 Auido
1060 1166 71 24 quam

169 1188 25 25 in
209 1187 69 35 undis
289 1187 46 24 effe
347 1195 49 17 non
409 1188 64 32 pofle
490 1197 72 17 nemo
577 1191 65 25 fanus
660 1191 110 25 fuftinere
787 1192 64 24 velit.
887 1192 115 24 Taeniam
1020 1191 110 34 Zoophy-

160 1227 60 19 -tum
234 1220 80 33 chymi
333 1219 82 25 dicere
429 1220 77 32 poflfes
524 1229 26 18 ur
567 1223 126 26 Pennatula
707 1224 34 25 eft
756 1225 70 24 maris
842 1230 39 18 aut
894 1224 130 24 moleculae
1042 1226 89 24 anıma-

171 1260 40 17 tae
230 1255 117 25 yarjarum
369 1253 153 25 infufionum.
560 1255 108 27 Tandem
686 1264 89 23 quare,
798 1256 16 23 fi
830 1257 110 23 alimenta
955 1257 115 24 vermium
1088 1258 45 27 fta-

169 1286 67 24 mina
245 1288 126 30 adferunt,
390 1287 18 24 ii
422 1294 48 17 non
481 1287 25 24 in
519 1288 109 25 omnibus
641 1289 71 24 debili
731 1289 134 24 ventriculo
876 1289 111 31 praeditis
998 1290 134 31 abundant,

170 1321 42 20 aut
230 1326 72 22 quare
322 1320 109 25 diverfae
450 1320 74 23 aetati
544 1322 59 23 varii
618 1328 95 18 vermes
727 1329 7 19 ;
762 1321 62 23 unde
840 1321 106 24 Taeniae
961 1322 23 23 in
1008 1330 67 17 mure
1091 1324 43 23 do-

171 1348 98 25 meftica
280 1358 59 24 quae
351 1360 84 26 aquam
452 1360 47 17 non
512 1353 106 31 appetit;
634 1354 31 24 Et
675 1353 44 24 alia
730 1351 81 26 fimilia
822 1354 78 30 quaeri
910 1353 94 32 poffunt
1013 1356 51 29 ‚fed
1074 1355 60 25 haec

172 1381 85 25 dixiffe
273 1382 99 28 fufficiat
385 1405 6 11 ,
410 1393 25 18 ut
456 1392 97 26 pateant
573 1386 68 32 hujus
655 1393 93 25 quogue
764 1386 105 24 theoriae
887 1386 158 26 infirmitates.
1079 1387 59 26 Hoc

160 1421 90 30 -anum
270 1415 77 27 adhuc
362 1419 145 32 fuperaddo,
527 1419 61 25 bene
601 1419 113 32 explicari
725 1418 95 33 quidem
836 1427 52 17 cum
900 1420 34 24 Cl.
945 1428 46 16 van
1008 1421 129 24 Doeveren

173 1453 180 24 incrementum
365 1450 25 28 &
401 1453 67 30 vela;
484 1451 174 35 faginationem
679 1451 118 60 vorium
813 1451 58 27 foris
886 1453 24 25 in
926 1453 108 25 animalia
1047 1452 95 28 delaw-

1058 1491 75 25 zum.
