1192 1608
51 309 8 7 r

339 82 571 34 INAUGURALIS.
1078 102 31 24 5ı

140 158 44 18 nos
195 147 118 28 interdum
324 155 47 18 uno
381 148 107 26 folliculo
499 147 172 33 comprehendi
681 167 8 10 ,
706 148 141 34 quandogue
861 149 72 26 etiam
944 149 86 25 bullam
1047 151 53 26 fim-

140 185 88 31 plicem
239 181 61 24 binis
314 182 142 31 corpufculis
473 180 63 34 quafi
548 181 83 25 axibus
642 180 151 32 inftruetam,,
810 182 121 33 Iympham
947 188 79 19 autem
1041 192 58 17 con-

141 222 89 18 tentam
242 214 181 32 limpidiffimam
442 214 99 25 invenit.
576 215 26 23 In
617 214 47 24 alia
680 222 85 23 caprea
781 233 6 11 ,
811 216 97 24 eosdem
922 216 68 25 venis
1003 217 95 30 majori-

140 249 42 24 bus
197 248 182 30 cireumtextos,
398 247 168 32 Iymphamque
581 247 73 31 magis
666 247 39 24 vel
721 248 76 23 minus
812 248 201 31 fanguinolentam
1026 249 73 25 ineffe

141 280 80 31 vidit;
247 287 116 26 notatque
381 279 141 32 quibusdam
541 279 68 25 bullis
630 280 140 24 moleculam
786 280 70 24 latam
877 282 109 32 utringue
1005 289 93 18 acatam

139 315 66 23 velut
216 313 119 30 adipofam
342 330 8 12 ,
360 313 50 23 aliis
421 313 115 23 minorem
549 313 138 23 lumbricum
695 320 52 17 cum
759 312 146 30 fuabullula,
916 316 68 23 velur
999 316 97 32 embryo

114 358 9 5 >
141 347 71 24 amnii
224 345 75 24 fluido
313 344 99 30 merfus,
430 346 114 23 innatare.
580 344 70 34 Quod
668 346 107 24 ultimum
791 346 71 24 etiam
885 347 115 24 Stenonio
1015 349 83 24 videre

141 378 112 31 contigit.
288 378 27 23 In
327 378 70 25 bovis
411 386 48 16 non
476 377 123 34 hydropici
611 378 156 32 pulmonibus
778 379 163 24 Hartmannus
956 380 81 25 harum
1054 381 43 32 hy-

140 411 106 25 datidum
258 411 122 31 plusquam
391 419 45 22 5o,
454 418 48 17 non
515 411 122 31 pauciores
656 411 25 24 in
697 412 87 31 hepate
794 411 25 25 &
833 412 87 32 aliquas
934 412 163 34 in-diaphrag-

134 444 75 24 ‚matis
221 443 123 33 fuperficie
357 444 107 29 invenit,
481 443 40 24 fed
534 444 80 31 Tyfon
631 450 82 18 monet
731 452 40 17 eas
786 444 145 33 frequentius
950 446 147 25 membrana-

138 477 50 25 ceis
202 478 118 24 ventrium
338 477 105 31 partibus
461 476 39 25 vel
514 483 96 17 omento
626 476 26 25 &
666 477 87 32 ubique
770 478 138 31 peritonaeo
924 478 29 25 ad
970 478 126 34 diaphrag-

136 518 56 22 ma,
203 511 172 29 ventriculum,
387 510 60 31 hepar
449 517 26 21 ,
485 509 110 24 inteflina
607 509 136 30 inhaerere,
758 518 68 24 quam
840 511 114 25 vifcerum
965 512 131 32 parenchy-

139 550 67 17 mati.
281 566 6 5 .
421 555 4 4 -

132 588 6 4 -
172 575 118 26 Laudatus
308 576 161 25 Hartmannus
487 574 39 33 qui
542 574 139 32 hydatoides
697 575 102 25 Taenias
815 576 23 25 in
854 577 80 24 ovium
946 585 78 25 quoque
1026 578 69 26 dif-

138 608 104 25 fe&tione
254 610 109 27 invenit,
381 609 87 30 quique
478 609 23 23 in
518 608 70 23 Mife.
601 615 47 17 cur.
668 608 30 23 D.
709 608 42 23 III.
770 609 29 23 A.
813 609 31 23 Il.
863 610 48 23 obf.
928 617 52 24 193.
1000 611 41 25 fibi
1053 613 42 23 ob-

131 640 80 23 -latum
222 640 73 23 refert
306 641 23 22 in
341 647 66 15 mure
419 639 65 24 foeta
499 645 75 24 prope
588 638 118 24 tranfitum
727 640 94 23 cardiae
834 640 127 25 folliculum
975 644 119 24 ventricu-

137 672 23 26 lo
174 671 106 25 animalis
294 671 123 30 fubparem
430 688 8 11 ,
460 671 24 24 in
504 678 75 25 eoque
596 671 139 25 lumbricum
750 672 70 24 talem
840 674 79 31 capite
930 673 92 27 lunato:
1040 677 55 25 loco

138 707 67 30 fupra
218 705 73 23 citato
307 704 164 31 corpufeulum
489 711 82 17 eorum
589 711 68 24 prout
670 704 92 31 Tyfon,
786 706 63 23 mole
862 713 116 25 parvum,
996 711 98 23 annulo-

136 740 67 27 fum,
226 737 151 25 extremitate
395 744 43 17 ore
462 743 74 18 coeco
555 737 65 23 hians
639 736 126 31 defcribit,
792 738 64 33 quod
869 739 99 32 preflum
978 749 29 18 ex
1019 750 75 18 coeco

136 772 67 24 hiatu
220 771 98 25 caudam
338 777 99 19 teretem
455 776 93 19 acutam
564 769 125 26 exfererer.
723 771 71 25 Vidit
809 773 73 30 etiam
900 781 85 24 corpus
996 776 22 23 in
1034 784 60 24 aqua

129 806 88 30 ‚tepida
232 805 90 25 moveri
335 803 25 27 &
371 805 93 25 veficae
476 804 157 25 membranam
645 804 94 33 crifpari
753 804 33 26 ita
798 812 24 17 ut
833 806 96 32 lympha
942 815 112 18 contenta
1067 809 26 24 in

135 839 97 22 undulas
249 839 136 27 agitaretur.
421 835 175 32 “I’yfon’autem
615 844 30 15 ex
659 838 139 28 corpufculo
808 838 146 23 filamentum
967 841 89 30 duplex
1068 842 25 27 in

129 868 84 26 -bullae
223 874 86 18 cavum
322 866 115 25 fluetuans
458 873 125 18 excurrere
598 867 83 30 addit,
698 867 74 32 idque
784 869 24 24 in
823 868 39 33 fig.
875 869 38 34 fua
926 871 45 25 IV.
984 879 33 18 aa,
1033 873 59 26 deli-

129 908 68 19 neat.

171 934 52 32 Ipfe
240 942 38 24 ego
294 934 101 32 primum
415 933 25 24 in
0 0 1192 1608 muris
458 933 250 34 praegnantis
725 934 109 32 jecinore
847 953 9 13 ,
883 936 117 28 folliculos
1022 940 69 25 binos

136 968 75 25 flavos
226 968 92 24 ratione
336 966 106 26 animalis
460 966 114 25 maximos
593 968 84 31 reperi.
712 967 93 25 Horum
825 970 74 32 major
912 990 6 10 ,
940 972 96 32 majoris
1049 970 42 35 pi

134 1003 88 24 molem
238 997 124 37 füperans,
379 1001 24 25 in
416 999 148 26 finifterrimo
575 1000 54 24 lobo
644 1000 79 25 medio
741 1002 184 32 pafenchymare
937 1005 154 25 circumfufus

126 1036 38 22 -ad
177 1043 123 24 utramque
316 1036 126 32 apparebat
460 1032 162 33 fuperficiem,
639 1032 26 26 &
680 1032 143 26 craffiufeula
843 1037 138 24 membrana
993 1038 97 25 lumbri-

126 1073 64 23 -cum
205 1074 28 16 ex
249 1068 84 24 minori
352 1067 156 32 appendicula
524 1067 148 31 maximaque
679 1061 74 40 bulla
771 1067 156 32 compofitum
945 1071 124 24 codrcebat
1082 1079 9 21 ;

134 1099 79 24 minor
228 1098 58 24 alter
305 1100 73 24 medii
395 1100 48 24 lobi
459 1099 80 31 fupina
552 1098 60 26 facie
624 1099 29 25 ad
668 1099 154 31 ligamentum
837 1101 170 32 Jongitudinale
1019 1105 72 22 lacum

135 1137 123 25 emergens
280 1132 87 25 minori
391 1133 60 24 bulla
469 1131 135 25 inftru&tum
622 1132 74 32 majus
716 1132 75 24 multo
812 1132 168 34 corpufeulum
994 1135 93 25 effudit.

134 1164 65 27 Dein
213 1164 21 22 in
247 1163 122 25 alia_mure
380 1164 94 25 femella
486 1164 128 25 folliculum
626 1165 69 25 fabae
705 1165 120 32 aequalem
844 1168 80 32 hepatı
935 1168 97 30 defuper
1045 1175 44 17 ım-

133 1196 100 27 merfum
254 1194 76 31 fecui,
352 1202 132 25 prodeunte
502 1196 115 26 lumbrico
636 1198 132 33 hydropico
784 1200 99 24 melonis
900 1201 93 29 majoris
1006 1200 83 26 femini

137 1231 74 33 figura
226 1228 25 27 &
264 1228 161 34 magnitudine
436 1229 64 30 pari,
517 1229 62 25 bulla
593 1237 79 19 tamen
688 1232 49 31 pifo
751 1232 84 24 minori
848 1232 143 24 inftructum.

120 1266 16 14 -“
170 1265 71 24 Hune
253 1263 94 32 tepidae
359 1260 123 26 immiflum
496 1268 84 24 corpus
589 1264 23 24 in
623 1264 171 30 longitudinem
808 1265 117 29 pandere,
937 1265 150 31 undulatorio

133 1296 26 25 &
170 1297 140 31 periftaltıco
318 1302 64 19 motu
389 1294 132 31 ferriatque
533 1294 86 26 bullam
630 1295 179 33 poftfetrahere
819 1296 48 24 vidi
878 1314 7 11 ‚
893 1297 109 31 papillam
1006 1305 83 25 apıcıs

133 1338 42 24 pro
192 1328 73 24 lubitu
276 1331 150 24 emittentem
433 1344 8 13 ,
451 1328 218 31 atqueccrifpantem
681 1328 127 31 margines.
827 1328 77 32 Hujus
915 1337 85 26 corpus
1008 1334 79 27 verfus

133 1362 87 25 bullam
232 1362 179 31 gracilefcebat,
428 1361 79 32 ibique
518 1360 64 32 rugis
591 1361 81 26 fenfim
683 1361 124 24 rarioribus
822 1361 22 23 in
857 1364 157 25 transverfum
1025 1366 61 24 feca-

120 1396 98 27 -batur,
238 1402 58 23 quae
311 1396 154 24 creberrimae
485 1392 25 25 &
521 1391 155 28 fubtiliffimae
689 1399 65 18 erant
765 1393 63 25 circa
845 1396 102 25 medium
959 1394 126 36 longitudi-

133 1425 44 26 nis.
210 1427 64 24 Bulla
285 1429 110 31 paulatim
408 1432 121 20 artenuata
540 1428 146 31 expanfaque
698 1427 105 31 corporis
815 1427 125 32 fubftantia
950 1432 54 22 orirı
1019 1430 67 23 vide-

120 1461 92 29 -batur,
236 1461 104 34 oblonga
359 1460 26 27 &
399 1461 28 27 ab
449 1468 46 19 uno
510 1460 71 25 lätere
597 1460 107 57 obfolero
713 1459 73 37 ‚fulco
800 1461 65 27 velut
880 1463 72 31 raphe
963 1462 120 57 bipereiia,

128 1505 3 4 b
716 1499 14 19 2

155 1515 11 13 \
1070 1502 18 16 1

1168 558 8 73 |

1119 543 5 7 s

1112 941 36 31 H
