1184 1608
286 117 13 13 .
335 97 567 32 INAUGURALIS
1064 100 41 24 6x

160 180 10 13 „
184 164 54 27 Poft
247 163 160 26 Valisnerium
416 159 181 35 ingeniofefatis
609 158 27 32 $.
646 158 28 25 L.
685 156 108 33 Frifcbius
798 156 70 26 docuit
874 155 116 34 afcaridem
997 174 6 11 ,
1012 156 90 24 lumbri=

148 206 48 19 sum
207 197 26 28 &$
251 196 104 25 Taeniam
366 200 74 20 aetate
453 199 84 20 tantum
550 192 104 33 differre,
671 190 25 24 &
711 191 96 23 taeniam
817 195 65 26 rupta
898 191 61 23 larua
969 196 27 16 ex
1010 189 89 23 lumbri-

149 240 24 16 co
182 230 83 32 prodire
279 229 64 32 cujus
354 229 93 24 foboles
459 227 42 24 fint
516 225 124 25 afcarides.
664 223 101 24 Mifcell.
781 223 76 36 Berol.
875 223 71 36 Tom.
963 222 42 23 Il.
1023 229 24 28 p.
1055 228 45 29 47.

151 263 47 32 feq.
217 262 75 32 Hujus
304 262 46 24 viri
361 259 114 27 fententia
485 257 143 24 refutatione
639 263 47 17 non
698 262 68 25 eget,
774 261 78 30 unica
864 261 64 30 enim
936 253 70 33 ipfius
1018 259 84 18 nititur

150 304 75 23 eaque
241 296 98 23 minime
355 297 110 19 accurata
481 289 166 38 obfervatione
659 308 7 10 ‚
695 296 44 24 qua
756 287 62 37 vidit
831 287 139 36 Lumbricos
988 286 115 33 quosdam

150 328 110 32 parvulos
274 325 182 32 fubpollicares,
478 322 68 33 fupra
557 322 108 32 jecinora
680 322 88 24 alburni
787 319 25 38 &
831 326 91 30 eyprini
940 319 41 24 lati
990 320 112 36 rutiligue

151 361 157 31 reptitantes,
325 357 131 32 fimilesque
466 356 41 24 fub
523 361 56 19 cute
598 355 83 24 dorfali
695 354 51 24 cafu
761 352 107 37 fügillata
879 359 23 17 in
918 359 92 17 coracia
1021 360 84 16 coeru-

152 394 39 24 leo
204 398 121 27 repertos,
347 392 24 24 in
391 397 60 26 aqua
467 388 87 33 frigida
570 387 77 25 fubito
659 394 102 21 tumere,
779 392 90 25 rigere,
886 384 143 31 demumgue
1038 390 69 26 rupta

154 432 56 18 cute
220 424 159 25 inteftinulum
397 429 99 25 corpore
515 425 40 21 iuo
568 421 70 32 triplo
650 420 92 32 longius
760 417 94 29 album,
871 417 63 32 quod
944 422 50 19 erat
1007 416 98 25 femina-

155 457 28 24 lis
196 456 100 30 canalis,
312 456 131 25 effundere.
470 454 60 24 Illud
542 454 118 23 Taeniam
675 454 149 23 immaturam
836 449 46 25 effe
897 450 70 27 dicit,
984 457 61 23 quae
1057 449 50 24 ina-

155 498 42 17 nes
207 490 97 25 exuvias
317 489 62 32 quafi
392 487 133 33 chryfalidis
536 486 129 31 relinquat,
682 485 14 24 1.
709 492 21 16 c.
749 491 23 23 p.
785 490 39 23 44.
838 484 87 28 55-48.
944 481 26 26 &
982 481 72 24 Tom.
1061 481 46 25 VI.

154 524 63 23 Part.
230 524 16 23 I.
264 531 23 25 p.
302 530 54 22 129.
391 522 57 24 Hoc
461 518 106 26 induetus
582 525 81 16 errore
677 517 110 32 genitalia
804 516 72 23 etiam
892 514 90 25 vifcera
996 515 113 23 humano-

156 563 54 16 rum
224 555 165 25 lumbricorum
397 572 7 11 ,
421 553 71 33 quibus
495 551 58 25 ifti
565 551 103 31 hepatici
682 549 76 32 fpecie
770 548 91 31 prorfus
877 547 84 25 fimiles
978 548 53 24 funt
1040 564 7 12 ,
1065 554 44 24 pro

158 584 351 35 larvaraatquemeramorphofi
516 584 100 32 quadam
624 581 143 25 excludenda
777 581 92 23 Taenia
882 580 82 24 fumfit.
997 581 53 31 Ego
1063 580 48 24 fae-

159 621 53 30 Pius
222 621 23 23 in
257 620 71 23 variis
338 619 26 23 &
376 620 28 23 jis
416 625 94 24 quoque
522 623 58 24 quos
593 617 22 22 in
628 614 72 24 afellis
712 613 83 24 marini
802 612 25 24 &
839 612 91 32 cyprini
937 613 84 31 jecore
1034 613 77 31 reperi

159 652 119 24 lumbricis
286 652 198 28 maceratisrupta
491 648 84 31 fponte
586 653 55 18 cute
652 646 69 24 lattes
730 645 91 24 effundi
832 645 82 23 videns
921 645 77 28 ‚tdem
1006 646 107 24 Frifchio

159 683 109 25 accidıffe
283 688 72 25 atque
371 683 52 22 viro
434 682 87 30 probo,
539 680 38 23 fed
584 677 221 32 meramorphofium
817 678 99 22 amatori
926 678 74 23 nimio
1010 696 7 10 ,
1035 679 77 30 impo-

161 715 67 25 fuiffe
243 722 118 24 nunguam
376 713 113 25 dubitavi.
524 712 79 31 Hujus
619 711 94 24 vifceris
730 710 65 24 albor
806 726 7 12 ,
838 709 118 31 triplicata
970 710 144 32 Iongitüdo,

162 748 70 25 lattei
245 748 62 24 fucci
324 747 143 33 abundantia
482 744 25 26 &
529 744 199 33 homogoneitas,
750 743 60 25 cutis
827 742 106 25 lumbrici
947 743 29 24 ad
992 749 121 26 ruptarum

162 782 140 32 proclivitas
314 781 57 25 nihil
382 781 113 33 probant,
512 777 99 26 addudta
623 785 13 17 a
645 777 103 26 Frifchio
766 776 39 33 qui
824 776 114 32 genitalia
948 776 167 25 lumbricorum

163 822 97 18 externa
275 815 130 31 ignorans,
426 814 65 24 ufum
508 813 147 24 internorum
668 820 29 16 eo
713 810 77 25 minus
808 808 91 26 novifle
909 815 99 26 poterat.
1043 809 72 25 Hanc

163 847 53 23 fere
232 846 197 29 meramorphofin
445 846 72 22 etiam
528 845 39 22 alii
577 843 162 27 crediderunt,
756 850 13 15 e
784 849 98 23 quorum
894 849 97 16 numero
1002 841 33 24 eft
1045 842 69 24 Bian-

164 878 52 28 chi,
232 878 24 23 de
270 878 79 31 duplici
358 878 139 31 generatisne
514 883 22 22 p.
549 877 55 26 258.
631 874 32 23 Et
674 874 58 23 Clar.
743 880 44 17 van
798 873 111 23 Doeveren
925 881 38 16 eas
974 881 73 24 nugas
1058 882 58 16 con-

163 911 136 23 firmatione
313 916 48 17 non
377 909 108 30 indignas
502 908 107 26 cenfüit,,
632 906 149 31 fperavitque
798 905 112 29 explicari
926 905 57 24 inde
999 906 64 29 poffe
1075 915 42 16 cur

166 942 114 25 afcarides
298 942 24 24 in
342 943 96 31 pueris,
465 939 92 25 Taenia
573 939 24 23 in
614 938 83 24 adultis
711 936 171 33 frequentiores
900 936 43 26 fint
957 937 60 25 Dil.
1036 946 22 23 p.
1076 946 38 23 24.

167 976 50 24 Hic
228 976 57 23 boni
296 975 97 24 Frifchii
407 981 62 18 error
481 974 62 23 bene
555 978 43 18 nos
611 971 125 29 admonet,
752 977 70 24 quam
835 970 87 24 eximie
939 971 103 30 dicatur,
1059 972 62 24 aliud

166 1008 42 33 elle
223 1008 111 33 obfervare
344 1027 5 11 ,
366 1008 61 24 aliud
441 1005 127 34 perfpicere.

203 1042 105 23 Traditis
327 1049 64 16 nunce
411 1041 105 25 omnium
533 1037 123 27 fententiis
671 1037 30 25 de
713 1037 136 25 viventium
861 1037 61 24 intra
931 1036 107 26 viventia
1048 1038 71 33 origi-

168 1081 43 21 ne,
230 1073 155 32 expofitisque
395 1073 145 32 argumentis
551 1071 204 32 propugnantibus
767 1069 99 33 fingulas
882 1069 25 26 &
920 1071 140 30 contrariis,
1078 1079 41 16 cu-

166 1106 95 31 jusliber
283 1107 45 23 erit
348 1106 196 25 verofimillimam
561 1112 79 17 mente
662 1104 172 31 comprobare,
858 1104 75 24 donec
954 1105 166 30 experimenta

171 1145 59 24 quae
240 1138 22 23 in
280 1138 44 24 hac
335 1145 68 24 parte
413 1139 159 30 maximopere
583 1137 127 28 deficiunt,
728 1142 77 17 certos
818 1143 48 16 non
878 1137 106 23 reddant.
1010 1137 112 23 Dicenda

170 1170 78 24 adhuc
265 1170 80 36 forent
364 1172 64 24 varia
447 1170 119 25 fubtiliora
581 1171 31 23 de
624 1168 182 34 ingeneratione
815 1169 125 24 vermium.
972 1169 37 23 Ita
1020 1168 101 25 feminas

169 1203 146 33 frequentius
332 1211 93 17 vermes
442 1203 134 32 praefertim
593 1203 115 25 Taeniam
725 1202 64 31 pati,
806 1209 69 24 quam
887 1202 78 29 viros,
984 1202 137 32 antiquiori-

169 1237 44 24 bus
228 1237 48 32 jam
293 1235 139 26 diltum’eft
445 1254 8 12 ,
474 1242 27 18 ut
519 1236 115 24 Sennerto
652 1237 66 23 Prax.
736 1234 70 25 Med.
830 1234 52 25 Lib.
898 1235 41 23 II.
957 1242 23 24 p.
994 1237 55 24 218.
1068 1236 55 31 quia

171 1268 45 25 fint
227 1269 99 33 frigidae
336 1269 26 26 &
372 1270 100 24 ociofae.
506 1269 32 24 Et
550 1277 56 16 vere
618 1269 91 24 Taenia
720 1267 23 24 in
755 1267 94 24 amabili
862 1268 53 24 fexu
932 1266 144 32 frequentius
1091 1268 34 25 fe-

172 1302 23 22 fe
207 1302 107 26 exferere
328 1304 59 24 mihi
401 1303 109 28 videtur,
532 1303 88 31 quippe
633 1302 39 32 qui
687 1299 104 26 colle&tis
805 1300 95 24 circiter
915 1302 45 27 164
977 1301 147 24 obfervatio-

172 1334 44 23 bus
228 1340 31 23 90
275 1336 28 23 ad
320 1337 109 25 Feminas
445 1335 25 26 &
489 1342 31 25 74.
535 1335 29 24 ad
581 1336 81 24 Mares
676 1334 117 31 pertinere
804 1340 170 25 compererim,
991 1340 134 25 praeterea-

173 1372 46 23 que
239 1368 21 22 in
277 1368 118 31 pifeibus,
412 1377 97 24 quorum
526 1368 93 32 efocem,
640 1374 100 26 percam,
765 1367 109 30 cyprinos
899 1367 66 23 larum
984 1368 142 29 rutilumgue,

174 1396 26 24 &
213 1398 87 32 afellum
301 1403 121 32 nomino,
440 1401 26 26 &
477 1401 69 25 variis
562 1400 188 33 quadrupedibus
764 1398 107 26 femellas
885 1398 128 32 faepiflime
1025 1400 24 24 ni
1065 1399 58 24 fem-

174 1436 48 31 per
230 1432 98 24 Taeniis
345 1435 125 30 gravidas,
493 1442 74 17 mares
586 1434 50 24 fere
652 1440 117 24 nunquam
786 1431 143 26 verminofos
942 1431 184 25 obfervaverim.

175 1462 94 27 Deinde
280 1471 30 17 ex
321 1466 105 27 colle&tis
437 1468 204 26 obfervationibus
653 1466 95 26 videmus
750 1465 46 25 in
811 1465 85 33 puerili
913 1471 76 19 aetate
1000 1464 127 24 lumbricos

681 1500 55 30 H3
1054 1497 73 32 vulgo

1128 440 33 51 N
