1184 1608
327 87 559 26 INAUGURALTIS
1039 91 46 33 33

127 152 49 19 rata
194 149 31 24 80
242 145 64 23 ulnas
328 145 143 24 excederent
489 145 131 31 Ruyfchius
636 145 23 23 in
675 145 80 23 mufeo
770 145 121 29 fervabat,
910 145 58 24 tefte
986 146 93 25 Clerico

126 186 23 24 p-
162 186 51 23 153.
218 177 65 24 Talis
293 195 5 10 ,
306 184 57 25 quae
370 178 103 24 emetico
480 185 28 17 ex
514 185 41 16 ore
562 176 171 32 ruftieiprodiit
740 176 24 25 &
771 177 28 24 ad
806 186 30 22 go
845 178 62 24 ulnas
918 177 103 25 extra&ta
1028 186 50 18 me-

127 218 25 17 tu
164 210 163 31 prodeuntium
339 210 161 24 inteftinorum
514 211 28 23 ab
556 210 49 30 ipfo
618 210 132 30 praemorfa
763 209 57 30 fuir,
833 211 157 24 v.Doeveren
1008 219 23 23 p.
1041 214 38 22 ı6.

126 243 65 24 Talis
205 250 94 25 quoque
313 242 65 25 fuffe
393 243 93 24 viderur
500 243 93 24 Taenia
603 243 97 29 abrupta
713 247 31 23 go
763 243 102 23 ulnarum
882 251 13 16 e
913 243 87 25 femina
1016 251 61 24 quae

124 282 43 24 per
187 283 11 22 5
217 284 72 17 annos
302 276 114 32 hyfterica
431 275 98 29 fuerat,
556 274 79 24 Rofen
659 275 22 23 in
699 274 53 24 Adt.
773 274 81 24 Holm.
877 275 73 25 Germ.
972 276 46 25 vol.
1033 277 44 24 IX,

144 325 4 5 .
165 316 51 21 129.

125 315 16 23 ?
158 341 70 23 Hanc
242 341 115 22 Taeniam
375 346 52 17 cum
444 339 104 31 fequenti
567 338 51 25 fere
634 338 24 25 in
672 339 75 24 multo
765 339 114 32 majorem
902 339 177 32 longitudinem

125 372 131 25 adolefcere
273 371 62 33 pofle
351 389 6 10 ,
381 379 69 24 quam
469 371 93 32 quidem
582 372 145 24 cucurbitina
741 390 7 10 ,
772 371 123 32 apparebit
916 374 157 28 perpendenti

124 405 62 32 quod
199 405 67 32 hujus
277 405 90 24 articuli
383 404 24 24 &
422 404 74 24 multo
509 404 97 25 firmiori
627 412 59 17 nexu
705 405 147 25 cohaereant.
864 404 59 24 adeo
941 412 14 16 ut
958 404 119 27 facilius

123 437 71 24 medii
206 446 68 24 quam
286 438 22 23 in
317 437 108 33 jun&tura
440 444 136 25 rumpantur
591 456 6 10 ,
616 445 97 25 eamgue
732 439 75 23 minus
823 437 98 32 copiofis
939 438 135 32 propagini-

122 470 45 26 bus
178 470 122 24 luxuriare.
322 471 112 23 Attamen
451 471 101 23 extremi
564 471 91 22 articuli
667 470 159 24 maturefcunt
839 470 25 24 &
875 471 125 28 fecedunr,
1013 477 62 17 tum-

123 509 30 24 gue
156 503 147 24 latıtudine
317 502 64 25 audta
393 503 95 24 feminis
498 498 85 28 horfei
593 502 97 33 figuram
705 502 139 30 fortiuntur;
855 504 78 31 quales
944 503 131 25 moleculae

123 535 118 24 eraffiores
260 536 97 31 hujusce
374 536 91 24 taeniae
484 536 85 24 indieia
585 535 51 24 funt
649 543 7 20 ;
683 536 119 23 Linnaeus
823 537 101 23 Amoen.
948 536 75 24 Acad.
1041 537 31 23 IL

122 574 23 23 pP.
160 570 37 24 80.
222 569 61 23 lab.
297 570 17 22 1.
334 568 38 32 fig.
393 575 21 16 2.
451 568 69 24 Pater
533 568 75 28 hinc,,
633 575 67 24 quam
719 568 60 23 male
801 569 69 23 latam
888 570 62 23 hanc
971 569 102 24 taeniam

121 607 44 22 Pro
176 601 115 23 lumbrico
305 602 46 22 lato
365 600 144 24 Graecorum
525 600 124 23 habherint
659 600 147 29 Spigelius&
814 601 151 23 Aldrovandus
968 609 23 21 ;
999 602 73 25 Grae-

121 633 23 21 ci
161 639 28 15 eo
200 633 95 21 nomine
309 639 56 15 vere
383 633 171 20 cucurbirinam
575 632 100 20 taeniam
690 630 128 30 defignaffe
831 632 108 22 videntur
958 633 34 21 uti
1010 634 62 22 bene

121 662 186 24 animadverfum
321 661 33 24 eft
370 670 12 15 a
394 662 92 23 Clerico
501 662 58 30 Cap.
572 661 57 23 VII.
647 661 49 32 ejus
710 660 62 33 figna
784 663 61 23 enim
864 664 54 23 alvo
932 662 140 33 prodeuntig

120 695 137 25 eucurbitae
269 694 80 25 femini
363 693 83 25 fimilia
459 701 81 17 omnes
558 693 88 24 dixere.
681 693 47 34 Qui
744 702 59 17 vero
821 696 43 24 hac
887 697 77 23 taenia
980 697 96 31 vulgarr

120 735 40 17 aut
175 729 46 23 lara
235 729 132 23 laborantes
378 727 167 29 obfervarunt,
563 726 160 25 eucurbitinos
733 735 118 27 nunquam
868 729 28 25 ab
914 730 28 24 iis
962 736 114 19 excretos.

119 760 67 26 fuiffe
202 761 146 31 affeverant,
366 768 25 17 ut
403 761 96 24 Bianchi
516 768 21 23 p.
551 768 54 24 273.

152 795 93 24 Taenia
260 795 59 24 haec
334 794 178 33 proboscidibus
527 795 134 22 osculorum
680 793 116 33 majorum
813 796 139 30 lancinando
963 814 6 11 ,
992 803 79 18 motur

118 831 45 24 que
174 828 105 29 corporis
295 828 65 23 vario
372 827 160 30 elongatorio,
550 826 171 28 centra&terio,
738 828 169 30 glömeratorio
919 829 107 30 repandis
1043 829 26 24 &

119 859 81 30 crispis
221 859 112 23 lateribus
355 858 118 31 (Spigel.)
497 858 61 24 forte
575 859 71 22 etiam
662 859 87 30 liquore
760 858 79 24 la&teo
848 859 70 24 falfae
934 860 139 31 qualitatis,,

118 896 26 16 ut
164 889 50 31 _poff
233 891 90 22 dicerur
344 890 29 23 de
392 890 158 28 cucurbitina,
574 889 93 30 peflima
679 890 59 31 parit
753 889 156 32 fymptomara
927 900 69 25 atque
1013 894 54 24 reli-

116 921 50 32 quis
178 922 82 23 taeniis
277 927 25 18 ut
316 921 145 31 frequentior
479 922 32 22 ira
523 921 74 24 multo
608 923 65 30 pejor
684 922 108 24 habertur.

150 954 98 23 Nullum
267 959 47 17 tam
332 960 72 24 grave
422 953 84 23 malum
524 960 12 16 a
553 955 112 22 teretibus
685 954 121 23 Jumbricis
826 956 129 31 exeitatum
968 959 104 32 legimus.

116 986 61 31 quod
189 993 47 17 non
247 985 122 33 aliquando
377 985 91 24 aeniae
479 992 91 25 quoque
584 992 76 17 ortum
676 985 104 24 debuifle
795 986 160 27 obfervatores
972 992 95 30 Toquan-

115 1024 51 24 tur,
185 1020 54 32 quin
251 1021 66 31 plura
329 1020 68 31 faepe
411 1017 25 27 &
447 1019 116 32 graviora.
601 1018 65 24 Hinc
676 1018 76 36 Celfüs
760 1019 50 30 jam
826 1019 24 24 &
863 1021 123 25 Abicenna
1005 1024 66 23 latos.

115 1050 247 34 lumbricos,teretibus
373 1053 92 32 pejores
477 1052 45 25 effe
533 1052 115 24 dixerant.
666 1051 102 23 Clericus
783 1058 83 18 contra
880 1053 93 26 mitiora
986 1057 86 24 omnia:

114 1083 157 32 Symptomata
286 1094 14 15 a
314 1087 50 23 latis
380 1086 97 33 produci
489 1103 9 13 ,
513 1092 87 25 eosque
616 1091 115 25 nunquam
749 1083 134 27 effraltores
900 1086 51 26 fieri
969 1089 96 25 fuftinet

111 1122 25 23 P:
150 1122 52 21 205.
221 1117 44 29 feq.
279 1124 80 18 contra
370 1119 150 29 nuperiorum
531 1118 183 24 obfervationes.
749 1117 116 26 Graviora
880 1120 118 25 interdum
1011 1130 53 16 om-

112 1148 40 22 nia
163 1147 82 32 hyeme
258 1147 25 25 &
296 1156 112 18 autumno
425 1149 46 25 efle
483 1151 74 24 folent
571 1151 161 32 fymptomara,
745 1155 25 18 ut
788 1150 22 24 in
827 1152 85 25 aneilla
926 1154 141 24 obfervavit.

113 1180 103 25 Clericus
233 1188 22 24 p.
271 1188 53 23 199.
348 1183 133 32 Quorannis
493 1184 75 24 redire
582 1192 70 23 quum
666 1184 97 29 abrupta
781 1183 91 26 Taenia
887 1187 174 23 incrementum

112 1213 144 31 refumferit,
275 1222 28 17 ex
315 1214 105 32 ejusdem
433 1215 164 25 obfervatione
607 1225 22 23 p.
644 1224 52 22 150.
709 1216 45 32 feq.
771 1223 82 25 pater,
871 1225 44 24 qua
932 1218 73 23 virum
1021 1218 41 24 dia

113 1249 125 26 guotannis
252 1248 103 25 dolorem
370 1248 106 24 obtufum
494 1247 24 25 &
537 1248 176 26 morfiunculam
727 1257 22 16 ın
771 1250 123 31 epigaftrio
913 1249 88 25 fenfiffe
1012 1268 13 11 ,
1036 1250 33 26 &.

114 1282 59 31 tunc.
183 1288 41 23 per
238 1281 159 24 cathartıcum.
411 1286 94 18 excreta
524 1281 78 23 taenia
614 1282 101 24 levarım
725 1280 81 30 fuiffe,
824 1282 62 22 hunc
898 1282 94 24 tandem
1006 1283 58 24 bre--

112 1316 26 17 vi
149 1318 54 19 ante
214 1321 100 17 mortem
327 1323 27 16 ex
368 1314 128 31 cataphora
513 1314 98 23 eandem
624 1322 51 16 cum
688 1313 39 23 filo
740 1319 74 17 toram
832 1313 125 26 reddidiffe
976 1323 92 19 narrat..

113 1341 91 34 Quovis
224 1347 127 30 plenilunio
371 1347 136 25 redeuntem
527 1347 124 24 ventriculi
667 1346 149 31 gravativum
840 1346 112 25 dolorem-
965 1356 104 19 excreto,

111 1373 73 27 frufto
195 1379 93 24 taeniae
303 1380 136 25 folvendum
452 1378 171 26 Breslavienfes
636 1379 104 24 referunt
755 1379 72 24 Tent.
845 1379 56 25 VL.
920 1389 22 23 p:
959 1382 54 25 202.
1027 1388 4 4 °

144 1408 114 35 Oriuntar
276 1418 83 19 autem.
373 1421 29 16 ex
419 1412 107 25 Taeniae
547 1413 125 24 irritatione
696 1412 100 24 tormina
815 1412 66 32 faepe
898 1414 82 25 fubito.
994 1416 66 24 inful:

112 1442 87 34 tantia,
218 1441 37 23 vel
268 1442 108 26 diuturna
387 1451 40 17 aut
442 1444 127 32 periodica;
593 1446 114 27 bulimus,
725 1445 131 31 quem’cum
868 1447 126 32 cardialgia
1003 1455 58 15 ven-

110 1472 123 35 wicnligue
245 1472 26 27 &
284 1477 47 25 alyi
345 1477 121 25 dolaribus
477 1477 127 26 Panthotus
615 1479 72 31 Journ,
687 1478 68 56 des
773 1478 68 25 Scav.
863 1481 70 25 1680.
953 1480 115 25 obferva--

1013 1517 80 27 vity:
