1200 1608
53 723 29 61 l

83 117 33 23 16
202 100 428 44 DISSERTATIO
679 95 237 29 MEDICA

88 173 75 24 multo
175 171 51 30 plus
238 169 79 24 valere
329 164 120 26 videbitur
460 181 7 11 ,
485 168 52 18 orta
552 161 29 24 ab
595 157 127 27 habitaculi
736 153 132 27 diverfitate
881 172 8 12 „
907 152 143 27 differentia:

88 206 23 24 in
127 205 90 29 liquore
229 201 67 25 vitali
308 198 100 26 terrenis
422 203 57 17 vere
496 194 137 32 fanguineo.
670 190 99 24 Vifcera
785 194 57 17 vero
858 187 112 24 fummanm
988 186 56 24 utri-

89 239 71 30 ufque
173 235 151 25 difinitatem
338 230 120 33 produnt,
475 229 103 22 maxime
589 224 126 33 genitalia,
732 222 60 24 mire
808 219 90 32 prolisa
917 219 22 22 in
957 218 92 25 intefli=

89 271 91 24 nalıbus
194 268 26 25 &
234 267 81 24 diöica
325 282 8 12 ,
358 265 22 23 in
397 260 146 27 terreftribus
558 265 58 18 vero
638 256 129 26 foliculofa
787 252 25 25 &
828 251 218 29 hermaphroditica

90 303 119 25 omnibus.
245 296 165 29 Ventrieulum
428 301 92 26 quogue
540 294 23 22 in
580 290 110 27 inteftino
708 296 76 17 terrae
798 284 143 33 tripartitum
962 283 86 24 deferi-

89 337 36 24 bit
136 333 113 27 Williius
267 330 25 26 &
307 332 29 23 ab
353 327 111 27 inteftino
481 326 124 24 diferetum
615 341 8 13 ,
641 322 62 33 quod
718 330 42 23 per
775 318 127 26 mufculofa
921 316 126 32 diaphrag-

87 375 50 19 mata
139 367 84 33 juftis
234 362 159 28 intervallisin
408 360 46 25 coli
464 359 101 31 fpeciem
573 357 133 31 flringitur‘,
716 362 54 17 cum
783 355 23 22 in
819 347 166 37 pofterioribus
1000 356 53 16 uno:

90 401 71 25 du&tu
177 405 100 26 pergant
296 397 90 31 primae
401 394 60 23 viae,
498 392 45 23 His
560 388 116 34 perpenfis
696 387 89 31 prorfüs
802 392 69 17 nemo
893 382 161 31 füfpicabitur-

91 437 40 22 has
146 431 148 27 differentias
308 437 13 16 a
333 428 66 24 vitae
412 424 25 26 &
449 424 81 33 pabuli
544 429 87 27 genere
643 419 93 25 diverfo
747 419 54 23 oriri
814 435 9 12 ,
840 424 54 16 cum
905 415 149 25 inteftinales.

90 473 123 27 praeterea
234 472 13 16 a
264 463 76 32 prima
358 459 174 30 tenerrimaque
548 461 78 19 aetate
645 452 115 25 fimillime
776 449 79 25 ftrudti
875 448 153 25 inveniantur
1040 465 13 11 „

93 500 89 25 terreni
194 499 38 23 vel
245 496 91 33 optime
350 490 122 28 nutriti-&
488 492 23 22 in
522 486 137 33 ftupendam
674 484 97 31 fereque
787 482 157 31 ferpentinam
963 481 93 24 molem.

92 532 62 25 auti
169 529 131 26 visceribus
310 532 118 23 nunguam
441 528 135 19 mutentur;
593 518 26 24 &
630 517 113 31 genitalia
753 519 93 26 duoque
859 520 97 16 externa
969 531 5 9 ,
991 520 65 23 quae.

90 567 25 23 in
129 565 36 24 his
177 562 87 31 duplici
276 558 167 33 perforaraque
458 552 112 34 papillula
587 555 109 20 eimınent
705 565 10 13 ,
732 555 14 17 a
762 547 69 31 fupra
843 544 124 32 descriptis
977 545 79 24 maxi-.

91 605 41 18 me
143 595 119 25 abludant.

124 629 46 26 Sed
182 626 150 27 ulterioribus
343 623 62 26 forte
418 617 203 30 obfervationibus
633 614 117 27 elucefcet
766 611 98 27 afinitas
883 611 174 26 Jumbricorum:

94 663 112 32 generica
213 661 79 24 faltem
302 657 76 32 ;quod
388 654 135 33 praefertim
532 660 41 17 vas
585 651 53 25 illud
646 647 131 27 varicofurh
784 645 214 27 oviferisfolliculis
1009 644 49 25 eir=

95 701 144 20 cumtortum
259 693 24 23 in
283 689 160 26 terreftribus
461 685 127 26 fecundum
602 682 105 26 Redium
720 699 10 11 ,
743 688 49 17 non
809 677 245 27 dıffuadere-viderur.
1076 695 4 4 .

129 728 70 24 Unde
213 728 95 22 interea
325 723 139 24 derivemus,
478 725 77 17 ortuın
573 716 166 24 lumbricorum
757 712 131 25 teretium?
904 712 71 23 Certe
989 715 70 19 extra

94 760 101 26 animale
210 762 84 27 corpus
307 753 83 26 nullibi
401 753 101 26 dantur,
518 749 79 25 faltem
610 756 13 15 a
634 746 96 25 nemine
741 745 90 30 reperti
846 744 54 24 funt
918 744 84 23 horum
1014 749 46 24 pa=

95 791 81 28 rentes
186 800 8 21 ;
211 790 40 25 fed
263 785 192 28 nifianimalibus
466 781 109 26 innati&
602 780 77 23 proprii.
687 777 45 24 fint
743 793 10 12 ,
769 778 22 22 in
803 776 64 31 aquis
879 782 66 17 certe
955 775 105 31 primam:

96 826 119 33 originem
235 822 96 25 habent.
366 815 27 27 In
411 816 108 34 piscibus
534 788 173 62 Huvianlibus,
717 815 97 27 quorum
814 807 127 38 inteftina
956 807 101 33 diligen-

95 867 37 19 ter
144 856 138 35 perguifivi,
300 854 50 25 fere
362 852 124 27 amnibus,
502 847 123 28 efocibus,
644 851 92 25 percis,
754 849 103 25 cyprinis
868 841 143 29 minoribus,
1022 841 38 24 in-

96 893 37 24 fra
145 892 107 32 pylorum
265 887 29 25 &
305 888 138 31 plerumque
454 883 79 25 verfus
546 886 150 18 curvataram
707 875 117 29 inteflini,
841 875 136 25 innumeros
988 875 72 30 faepa

96 925 84 31 inyeni
197 920 156 31 lumbricellos
372 924 29 24 15
419 918 54 31 poll.
495 921 116 23 nunquam
631 911 119 32 longiores
772 908 81 25 fetave
874 909 87 32 equina
982 907 82 24 multos

98 957 131 27 crafliores,
247 953 123 31 plerosque
381 952 73 30 longe
466 948 102 25 minores
583 953 71 25 usquie
670 944 61 25 infra
744 942 135 32 capillarem
899 940 140 26 tenuitatem
1050 947 13 21 ;.

97 990 130 26 Gmillimos
243 987 109 24 humanıs
369 984 25 24 &
409 983 90 25 caninıs
517 980 121 24 lumbricis
654 996 7 10 ,
677 977 158 26 flavescentes
852 974 192 31 pellucentesque
1051 988 12 12 „

98 1022 138 27 inteftinulo
252 1020 66 25 fufco
334 1016 116 33 aequabili
461 1015 26 25 &
498 1012 141 34 genitalibus
651 1007 150 26 filamentofis
813 1024 7 10 ,
838 1005 131 24 tenuiflime
985 1010 77 16 annu-

99 1057 69 24 lofos.
204 1055 34 23 Ei
255 1054 34 22 uri
306 1050 153 27 &-Iumbrici
473 1047 144 29 reliquorum
631 1041 136 27 animalium
784 1038 157 26 moyebantur
956 1036 65 25 varie
1035 1034 28 27 &

100 1090 137 31 pierumque
253 1084 24 23 in
294 1082 116 25 Sromani
427 1081 100 23 formam
543 1074 121 26 curvando
682 1072 102 30 cörpus,
807 1067 103 33 illodgue
929 1069 133 29 nullatenus

100 1120 97 27 brevius
204 1114 254 33 longiusvereddendo
465 1108 111 27 ar&tando
584 1114 38 16 aut
634 1103 136 26 uindulando
780 1111 6 20 ;
794 1102 38 33 Quo
834 1100 142 34 infigniter
988 1102 74 25 etiam

103 1151 138 29 animalium
257 1147 114 25 lumbrici
387 1154 13 16 a
416 1144 102 26 terrenis
534 1138 123 27 discedunt
672 1157 6 10 ,
706 1138 39 31 qui
766 1143 86 25 corpus
875 1135 192 34 quaquaverfunz

102 1185 144 27 contrahere
267 1180 43 25 vel.
322 1179 100 23 dilatare
443 1177 88 23 valent.
567 1173 99 23 Pifciem
682 1169 110 26 inteftina
810 1170 43 24 his;
864 1169 136 25 vermiculis
1019 1168 46 25 ob-

101 1219 56 27 feffa
173 1217 94 34 penitus
284 1212 68 25 erofa
369 1217 70 24 arque
454 1206 148 37 floeculenta
620 1204 51 25 funt
685 1203 113 33 „ipfique
821 1202 140 26 lumbricelli
978 1206 87 23 corpus

101 1251 135 34 ferpentino
248 1248 41 27 fo
301 1252 65 19 motu
377 1261 8 12 ,
404 1244 27 23 iM
441 1240 103 28 inteflini
556 1238 148 27 fubftansiam
720 1238 28 24 ad
762 1237 127 25 dimidium:
904 1233 51 25 fere
966 1232 105 31 adigunt.

104 1291 106 25 tuneque
224 1283 24 24 in
263 1280 88 25 redtam
365 1279 85 25 lineam
464 1272 96 28 extenfo
577 1279 99 24 corpore
690 1270 131 33 gniefennt.
858 1268 25 21 In
899 1272 58 24 aqua
972 1264 95 33 anguil-

103 1319 74 24 larım
191 1322 66 17 more
276 1319 84 18 narant
377 1317 70 25 atque
460 1307 141 33 jaculantur.
636 1305 26 23 In
683 1304 56 27 vini:
752 1302 82 32 fpiritu
852 1298 79 24 maltis
951 1297 63 25 horis
1030 1297 39 25 viz

105 1356 63 19 wunt
177 1366 13 11 „
212 1346 57 27 fetti
286 1346 68 33 brevi
372 1349 107 27 pereunt.
514 1339 34 25 Hi
566 1345 57 23 ergo
642 1337 54 24 funt
709 1337 51 23 veri
777 1332 170 26 lumbricorum
964 1339 58 25 quos
1040 1331 31 26 in:

105 1381 85 29 noftris
191 1379 139 25 vifceribus
341 1378 81 24 alimus
433 1370 181 35 confanguinei,
632 1370 128 31 dıligenter
769 1375 18 18 a;
798 1373 39 17 me
848 1363 129 26 obfervati.
1085 1359 5 4 "

140 1414 73 27 Tales
225 1412 72 24 etiam
310 1410 53 32 faepe
366 1410 78 24 iftis.
455 1414 47 18 non
515 1405 87 27 mulco,
620 1402 25 24 &
657 1408 119 25 nunquam
793 1407 15 19 4
827 1397 126 32 pollicibus
964 1398 110 31 majores.

107 1451 24 25 in
146 1446 63 28 afelli
225 1444 101 28 marini,
335 1443 107 27 canium,
459 1440 83 24 felium
552 1455 7 11 ,
577 1436 138 31 vulpiumgue
717 1431 140 28 inteftinis
866 1431 79 32 reperi
957 1439 7 21 ;
982 1431 87 24 caudae

105 1484 75 31 apice
199 1485 84 19 omnes
306 1474 145 34 planiufculo
481 1470 108 33 utringue
620 1468 134 32 marginato
785 1463 121 26 diftinttos
932 1465 29 23 ab
988 1466 81 22 huma-

107 1518 57 30 nis,,
174 1512 64 37 quod.
240 1510 137 30 discrimen
388 1508 78 28 etiam.
474 1504 90 30 Reduns
580 1501 138 32 obfervavic
733 1500 24 25 in
775 1498 48 27 iftis
840 1497 30 29 &.
882 1497 115 27 leoninis..
1021 1495 49 60 1a

1044 1535 34 24 3;
