1192 1608
38 89 39 36 F
193 87 503 56 BISSERTATIO
757 104 274 31 MEDICA

298 154 638 32 INAUGURALIS

580 217 70 24 DE

53 278 47 40 ı.
136 273 379 60 INFESTIS
559 270 538 59 VIVENTIBUS

27 336 81 87 #
262 340 261 57 INTRA
559 337 411 60 VIVENTIA.

541 421 150 31 QUAam

83 467 10 8 “
209 477 259 30 ANNUENTE
506 476 99 28 DEO
643 475 91 28 TER
773 475 98 28 OPT.
908 473 109 30 MAX.

28 515 2 77 |
271 527 46 26 Ex
336 523 173 30 Auloritate
527 523 208 28 Macnırıcı
754 524 204 33 Recroriıs,

128 585 284 55 JOANNIS
437 583 230 53 JACOBI
702 581 396 48 SCHULTENS,

150 645 45 21 5.5.
201 646 44 19 TH.
253 645 80 19 DOCT.
341 643 176 25 EIJUSDEMQUE
527 642 105 19 FACULT.
634 648 38 13 ur
680 647 27 13 er
713 642 91 19 LL.OO.
811 643 30 18 IN
848 642 159 21 ACAD.LUGD.
1010 641 72 20 BAT.

172 674 75 19 PROF.
258 672 129 19 ORDINAR.
400 672 77 18 COLT‘
491 671 98 19 THEOL.
602 671 81 19 PREEP.
694 675 27 14 er
729 671 103 20 ILLUST.
844 671 63 20 ORD.
918 671 139 21 HOLLAND;

184 710 26 15 ac
219 702 115 23 WESTFR.
345 701 142 25 REGENTIS,
500 701 58 22 MS$.
570 701 100 22 LEGATI
679 702 178 22 WARNERIANI
866 702 187 22 INTERPRETIS..

512 763 78 19 NEC
638 764 81 19 NON

196 814 156 39 Ampifimi
377 815 197 29 SENATUS
605 816 262 28 Acıdzntrcı
893 814 143 39 Confenfür
1155 835 8 19 ı

34 868 22 23 ri
255 861 38 34 €?
309 860 175 38 Nobiliffimae
502 862 181 28 Facurtarıs
702 862 127 28 Mepic®
848 863 130 32 Decreto,

182 917 110 30 PRO
348 917 210 30 GRADU
611 919 444 36 DOCTORATUS,

242 971 152 32 Summisque
409 972 25 24 in
451 973 163 27 Mepıcına
635 975 153 30 Honoribus,
810 974 26 26 &
853 975 132 32 Privilegiis
1166 977 1 43 |

408 1010 45 25 rite
471 1018 27 16 ac
515 1010 106 33 legitim&
637 1013 184 31 confequendis,
1155 1014 17 54 '

1161 1057 11 11 RP

367 1065 141 24 Eruditorum
530 1067 95 23 esamini
640 1065 93 32 :olemni
743 1064 118 32 fubmittie

26 1138 22 18 A|
138 1118 287 34 PETRUS
488 1119 229 35 SIMON
779 1120 321 44 PALLAS,

409 1169 413 31 BEROLINENSIS

271 1224 36 26 Ad
322 1224 55 25 diem
394 1233 78 18 zzvır.
490 1227 126 27 Decembris
632 1237 128 18 mpccıx.
778 1230 30 24 H.
828 1230 27 25 L.
872 1231 30 34 Q.
921 1230 24 24 S

138 1306 142 35 Quanguam
296 1309 74 24 multa
371 1306 52 26 [int
435 1307 29 24 ad
477 1307 60 31 ipfas
555 1315 60 20 artes
631 1319 46 17 non
696 1311 163 32 pertinentia,
877 1318 78 19 tamen
972 1319 39 17 eas
1028 1312 66 32 adju-

170 1347 58 17 vant
240 1341 125 24 excitando
378 1339 97 26 artificis
487 1341 127 33 ingenium.
650 1344 82 32 Itaque
744 1343 43 25 ifta
797 1352 91 25 quoque
908 1351 98 18 naturae
1024 1353 34 16 re-

169 1380 52 16 rum
233 1374 171 31 contemplatio
418 1375 107 30 quamvis
538 1383 46 17 non
601 1376 72 24 faciat
685 1376 142 31 Medicum,
845 1378 116 32 aptiorem
981 1384 81 22 tamen

171 1405 138 25 Medicinae
323 1407 85 25 reddit.
428 1406 71 34 Celfus
517 1407 51 25 Lib.
584 1410 17 23 1.
619 1408 78 34 Praef.

708 1469 2 2 -
800 1464 295 16 nn

322 1486 231 25 LUGDUNI
589 1488 319 31 BATAFOUORUM,

136 1541 88 39 And
263 1542 707 48 THEODORYM'HAAK,
1017 1547 81 36 ı7zda
