1192 1608
79 483 10 17 R

104 71 20 33 ä
235 73 422 26 DISSERTATIO
705 76 234 28 MEDICA

108 130 38 32 pis
161 130 111 32 pulmone
290 131 118 26 folliculos
421 132 102 32 majores
538 142 53 17 cum
609 134 94 25 fetaceo
713 135 129 24 vermiculo
852 136 26 25 &
890 138 104 25 minores
1010 145 55 20 cum

109 163 150 32 hydatoideis
276 165 127 24 miliaribus
420 167 89 30 reperit
523 167 64 24 Redi
604 167 14 23 I.
637 175 21 16 c.
676 175 23 22 p.
716 174 40 23 33.
791 168 113 25 Similiter
920 172 23 23 in
956 170 107 27 muftela-

110 203 51 17 rum
174 196 114 31 majorum
298 196 25 25 &
333 198 87 30 putorii
435 199 112 30 pulmone
556 199 116 24 folliculos
687 199 157 32 nigricantes,
863 208 53 17 cum
928 204 135 25 tenviflimis

109 229 141 24 vermiculis.
260 229 32 24 id.
309 238 23 23 p.
345 237 38 24 34.
400 230 71 24 Vidit
485 231 23 23 in
518 232 105 31 glandula
638 231 137 32 thyreoidea
787 231 26 25 &
828 233 174 27 bronchialibus
1019 237 44 24 ho-

109 261 69 24 minis
194 262 71 30 inque
284 263 169 32 oefophagaeis
471 264 120 24 bratorum
603 283 6 11 ,
632 264 143 25 afcaridellas
793 265 99 24 Bianchi
915 266 14 23 1.
948 274 20 16 c.
986 269 24 22 in
1026 269 37 25 his

108 294 72 23 eriam
192 294 40 24 W.
246 295 103 25 Courten
367 296 58 24 Phil.
437 296 82 24 Tranf.
541 305 23 16 n.
581 304 53 24 335.
652 296 26 25 &
694 298 61 32 apüd
769 305 68 18 canes
851 299 102 24 Clericus
969 307 23 23 p.
1006 307 55 22 251.

108 326 107 24 fetaceos
229 326 26 25 &
273 328 148 32 praelongos.
462 329 53 23 Hos
532 329 166 25 Vercellonius
715 331 28 24 in.
756 332 156 24 ventriculum
932 340 54 17 cum
1003 333 59 24 cibis

109 358 101 30 deferri,
227 360 81 32 hisque
319 361 97 25 vitalem
427 360 158 26 charatterem
599 363 133 30 imprimere
740 381 6 11 ,
758 364 61 25 hunc
830 364 47 25 effe
888 365 62 24 ufum
962 365 100 33 glandu-

107 391 75 23 larım
200 393 200 30 oefophagearum
416 394 94 29 putavit
534 395 58 23 Diff.
616 395 30 24 de
662 397 114 29 glandulis
794 397 129 31 oefophagi
942 399 118 30 conglom.

105 431 59 16 vero
175 424 98 23 humore
287 424 118 31 digeftivo
419 424 25 25 &
456 425 128 26 vermibus.
596 426 70 25 Aftae
678 435 98 23 1711.4.
789 428 80 25 Pleura
883 436 134 24 caprearum
1027 431 35 23 in-

107 455 73 25 clufas
192 456 102 25 Taenias
311 457 130 32 hydatodes
457 466 133 17 memorant
606 459 102 27 Mifcell.
727 469 46 16 cur.
791 462 31 23 D.
835 462 30 23 II.
884 469 54 16 ann.
950 462 44 23 IV.
1012 462 49 25 obf.

106 495 40 24 73.
164 496 144 26 omentoque
321 489 25 26 &
359 492 124 30 peritonaes
502 492 102 32 undique
621 492 154 26 adhaerentes
790 494 52 24 ead.
860 493 26 25 &
903 493 80 32 Tyfon
1001 494 60 25 Phil.

107 521 82 24 ‚Tranf.
208 530 22 16 n.
247 530 54 23 193.
318 522 26 25 &
360 524 121 24 Harderus
495 525 48 23 obf.
559 532 37 23 13.
614 525 121 24 Pericardii
750 534 92 17 vermes
859 527 74 24 habet
948 526 114 25 Barbette

106 553 63 24 Chir.
188 555 18 22 I.
225 561 22 24 3.
266 563 23 22 p.
302 562 23 22 4.
986 587 5 4 ,

138 586 87 23 Extant
236 594 93 24 quoque
340 587 136 24 nnmerofae
487 588 29 24 de
529 596 72 16 verme
611 588 69 24 cordis
689 588 122 31 hiftoriae,
827 597 95 25 quarum
934 592 126 32 pleraeque

105 618 62 31 apud
178 619 144 25 Schenkium
336 621 48 32 legi
394 620 106 33 poffunt;
516 621 73 33 inque
597 621 116 25 variarum
725 622 132 25 animalium
871 623 106 26 ciconiae,
983 625 77 31 fuis,

105 652 89 30 anatis,
211 653 113 31 gallinae,
341 655 66 29 picae
418 655 98 23 cordibus
518 663 34 15 a
562 655 23 24 fe
597 655 61 25 vifos
669 663 77 18 narrat
758 657 115 25 Paullinus
884 658 22 24 in
917 658 71 25 Mife.
1008 667 50 16 cur.

103 683 32 24 D.
149 685 29 23 U.
195 686 29 23 A.
237 688 23 21 6.
278 686 65 23 Mihi
357 693 56 17 vero
426 686 22 24 in
462 687 40 23 has
514 687 115 31 judieium
644 695 48 16 non
706 689 48 23 efto
765 697 6 21 ;
788 697 81 17 verum
882 691 123 32 pleraeque
1020 691 39 24 vel

103 715 70 25 filtae
184 735 8 11 ,
214 719 39 23 vel
273 719 141 31 polyporum
433 719 190 25 vermiformium
635 738 7 11 ,
665 720 148 26 vermiumve
827 722 150 25 effra&torum
993 723 66 24 falla-

105 749 52 24 ciae
168 749 46 24 elle
226 750 118 24 videntur.
516 763 6 5 .

138 782 66 24 Inter
214 783 131 24 abdominis
356 784 103 28 viscera,
474 785 84 29 primas
569 786 50 21 vias
631 784 115 24 vermium
762 786 41 22 tria
818 791 57 17 nota
889 793 88 23 genera
993 787 66 24 inco-

102 814 65 30 lunt,
184 815 183 33 innumeraeque
378 821 123 26 praeterea
516 816 193 26 animalculorum
723 816 88 32 fpecies
826 824 29 17 ex
871 818 28 23 iis
912 819 95 31 prodire
1022 819 36 25 fo-

102 846 58 25 lent.
196 848 39 24 Sie
251 849 63 24 enim
326 857 80 16 erucas
419 850 117 24 Rofenius
549 850 23 24 in
583 850 44 24 a&t.
644 849 132 25 Holmiens.
793 857 75 24 nuper
879 850 25 25 &
917 852 76 25 larvas
1006 861 51 16 mu-

103 879 53 24 fcae
169 881 119 24 carnariae
302 882 116 24 Linnaeus
433 882 58 24 ibid.
509 883 153 24 obfervarunt
678 881 110 26 inteflina
805 882 123 27 infeftaffe.
961 886 32 23 Er
1009 893 49 17 ma-

102 912 106 29 nipulum
220 914 180 24 vermiculorum
413 915 110 24 teretium
534 915 118 30 alborum,
670 916 114 24 coccineo
798 917 78 31 capite
887 917 52 32 poft
950 925 108 24 praecor-

103 944 92 23 dıorum
210 945 86 24 fubiras
311 948 129 23 anxietates
455 947 26 24 &
497 948 141 31 praecipites
655 948 174 31 convulfiones,
848 951 76 23 fumto
939 951 118 24 cochleari

103 976 79 30 croci,
201 978 68 31 virgo
288 985 30 23 14
336 986 112 17 annorum
464 981 126 29 excrevit,,
610 982 126 23 fecundum
754 984 130 22 Commerce.
903 983 92 23 Norica
1008 983 48 24 vol.

102 1009 34 24 V.
161 1018 21 23 p.
198 1017 53 19 220.
280 1011 101 32 Tipulae
396 1019 78 18 autem
491 1013 105 31 paluftris
614 1015 117 22 maximae
743 1030 9 12 ,
773 1014 109 29 plurimas
898 1013 75 24 larvas
987 1032 6 11 ,
1011 1022 46 18 una

103 1050 54 16 cum
172 1043 108 24 Taenize
295 1045 101 31 vulgaris
416 1053 87 24 magno
527 1046 72 24 frufto
613 1064 6 10 ,
640 1054 14 15 a
669 1052 73 28 puero
758 1044 89 37 Judaea
860 1051 124 32 excretas,
1005 1048 51 25 vidi

97 1075 67 32 apud
178 1075 117 24 Celeberr.
315 1077 143 25 Rozorrium
473 1078 37 23 M.
526 1079 30 22 D.
576 1077 25 24 &
619 1077 103 23 Berolini
737 1077 127 38 pra&ticum
881 1077 153 38 feliciflimum
1045 1098 9 13 ,

103 1115 89 25 easque
205 1108 86 30 partim
308 1109 116 25 induratas
440 1111 92 30 nigras,
550 1116 69 24 atque
632 1108 61 32 jufta
709 1110 161 31 mägnitudine
886 1112 100 31 rigidas,
1002 1121 54 24 par-

102 1143 43 23 tim
164 1140 100 25 naturali
280 1141 99 24 mollitie
396 1142 25 24 &
435 1143 79 23 colore
535 1142 82 27 vivas;
634 1150 96 24 quarum
741 1143 71 24 etiam
824 1144 106 25 concefla
939 1147 118 30 quaedam

101 1174 130 32 fpecimina
243 1180 74 25 penes
331 1181 38 16 me
381 1175 56 23 funt.
474 1176 25 22 In
513 1175 81 30 pyloro
605 1174 25 25 &
642 1175 111 25 duodeno
764 1177 51 31 equi
830 1178 87 25 tunicis
927 1179 65 24 infixi
1004 1187 51 22 pas-

101 1213 84 18 cuntur
199 1213 93 18 vermes
313 1206 109 24 conoidei
438 1207 111 23 rubentes
565 1207 120 32 Malpighi
698 1208 30 24 de
744 1208 131 34 glandulis,
893 1210 163 24 Heifter_obf.

103 1247 54 22 199.
171 1240 89 23 Acarus
273 1240 51 31 fyro
338 1238 145 33 dyfenteriae
494 1240 66 23 caufa
575 1239 46 25 efle
632 1240 157 32 deprehenfus
799 1242 35 23 eft
845 1242 97 22 Lirnaei
949 1240 58 25 Diff.
1015 1250 41 18 ex-

101 1272 66 24 anth.
186 1272 68 24 viva:
274 1273 82 24 Afellis
369 1272 81 24 fimiles
466 1272 140 25 vermiculos
619 1281 46 17 ano
679 1275 77 23 editos
769 1279 76 18 narrat
856 1271 79 33 Journ.
949 1273 30 25 de
991 1276 66 24 Van-

102 1305 73 23 derm.
199 1306 47 22 vol.
258 1306 41 23 IX.
322 1306 131 31 Septembr.
472 1314 21 16 n.
506 1313 22 23 3.
560 1306 26 22 In
607 1306 64 25 re&to
686 1315 111 24 equorum
815 1305 132 25 excluditur
967 1308 89 26 oeftrus

101 1337 211 25 haemorrhoidalis
331 1338 25 25 &
370 1339 153 24 mufcillarum
542 1340 115 23 examina.
685 1340 117 24 Volatiles
813 1347 93 24 quoque
922 1343 87 23 mufcas
1025 1349 30 17 ex

101 1368 137 25 abfceffibus
256 1370 131 26 abdominis
400 1373 108 23 venereis
523 1371 102 25 mulieris
644 1373 126 31 Martynus
791 1372 75 29 vidit,
887 1373 116 33 abridgm.
1027 1374 31 25 of

102 1403 63 24 Lues
179 1401 110 24 Venerea
307 1411 22 23 p.
343 1406 37 28 38.
403 1405 64 23 Tum
487 1412 78 16 autem
582 1405 119 30 conchae,
720 1405 109 29 limaces,
846 1405 134 31 hirudines,
994 1405 58 27 foris

101 1434 142 29 adveniunt,
260 1434 116 26 fcarabaei
389 1438 71 23 etiam
473 1438 23 24 in
507 1438 105 28 vomitu,
630 1438 61 24 afelli
706 1444 70 26 atque
788 1446 99 17 araneae
900 1447 13 15 a
931 1440 72 24 varjis
1019 1441 34 22 vi-

97 1469 55 30 Sae,
170 1473 26 19 ut
215 1465 25 27 &
254 1466 178 34 fcolopendrae,
451 1470 64 32 cujus
531 1471 134 31 exemplum
683 1471 94 25 tradunt
788 1472 94 25 Medici
893 1471 162 57 Berolinenies

1032 1510 25 18 O-
