1192 1608
969 106 7 8 a

352 105 563 32 INAUGURALIS
1059 117 49 32 4

144 164 43 24 Dei
194 164 75 31 plures
278 161 37 25 fed
325 165 117 25 tenuiores
449 167 86 32 vixque
544 168 93 31 pedales
645 169 114 25 invenifl®
769 171 131 26 Schulzium
914 172 63 28 teftis
988 173 33 26 eft
1028 174 73 26 Hoff-

144 203 98 18 mannus
256 195 23 24 in
295 195 57 26 Diff;
372 198 30 24 de
414 199 71 24 anim.
502 202 103 30 corporis
621 202 63 24 hum.
704 203 90 25 infeftis
810 205 131 32 hofpiubus
953 215 6 21 ;
982 215 120 24 repertam

145 236 70 16 unam
233 228 24 25 in
276 228 51 26 felis
342 232 132 24 ventriculo
485 232 26 25 &
526 235 23 22 in
565 235 104 31 ejusdem
688 235 110 26 duodeno
815 239 95 24 alteram
932 241 128 31 Haguenot
1076 241 25 25 in

145 260 67 24 Adtis
223 262 69 24 Parif.
304 263 48 23 vol.
368 264 82 22 XVIL
468 272 23 23 p.
505 267 56 27 484.
573 266 80 24 refert,
671 268 67 24 Hinc
747 269 102 23 taeniam
862 278 92 25 quogque
967 281 41 16 ore
1021 280 79 18 excre-

146 298 48 19 tam
204 295 158 30 praecedente
373 295 104 26 tuflicula
489 298 99 24 Amatus
597 300 74 31 vidit,
690 300 26 25 &
727 301 86 33 (latam
830 303 88 33 credo)
932 312 12 23 3
958 306 71 35 ulnar.
1043 314 56 17 con-

144 327 119 31 globatam
279 328 93 22 vomitu
393 335 54 18 cum
465 330 161 26 füffocationis
652 335 106 29 periculo
779 335 115 25 redditam
917 336 101 32 legimus
1037 340 63 32 apud

142 359 160 29 Schenkium,
324 360 52 24 Lib.
394 361 44 24 IH.
451 362 29 25 de
492 364 54 24 latis
560 364 26 24 &
602 366 120 25 Cucurbir.
758 368 72 25 Hanc
847 369 116 25 Taeniam
981 379 119 26 nunguam

145 391 96 32 proprio
252 399 70 18 muco
340 393 156 27 circumvolvi
512 396 40 25 fed
565 397 85 33 chymo
666 400 72 25 libere
748 401 120 31 innatare,
886 403 127 25 adhıaerere
1019 413 80 18 autem

143 424 93 30 femper
247 426 67 30 apice
325 426 103 25 filiformi
441 429 95 24 villofae
547 431 45 24 alte
603 431 87 25 inferto
706 440 25 17 ut
747 435 23 22 vi
786 434 86 26 develli
887 436 101 30 debeat,
1005 437 26 25 &
1048 440 52 23 reli-

143 462 46 26 Quo
203 464 99 25 corpore
313 459 37 24 vel
360 460 24 24 in
396 459 91 26 relum
499 464 118 31 exporrigi
629 465 37 23 vel
679 466 123 32 aliquoties
816 469 188 32 tonduplicaram
1022 478 39 18 aut
1074 473 24 25 in

142 490 120 32 glomeres
276 491 122 26 colle&tam
409 493 115 31 inveniri,
539 497 91 29 pariter
639 505 30 16 ex
683 506 84 17 canum
779 500 91 26 affiduis
880 502 175 28 dffedtionibus
1062 505 35 25 di-

142 523 56 23 dici.
233 524 122 32 Singulare
370 533 94 25 quoque
477 527 56 24 illud
547 529 35 23 bis
595 529 24 23 in
629 530 113 31 jugulatis
754 533 96 24 canibus
863 535 124 25 obfervavi
1001 555 7 11 »
1034 538 64 31 quod

141 555 211 26 BRENDELIUS
363 558 125 32 aliquando
505 560 24 24 in
544 562 66 31 pueri
622 563 114 25 decennis
753 565 116 25 cadavere
887 568 61 24 vidir
961 586 8 13 ‚
994 571 103 24 taeniam

142 594 87 25 nempe
243 591 169 23 cucurbitinam
429 593 68 29 apice
511 593 50 24 lleo
578 595 140 30 appenfam,
737 598 89 31 reliquo
843 607 98 24 corpore
957 610 83 17 centra
1054 604 43 24 de-

141 621 93 22 Curfum
256 621 103 23 inteftini
378 623 99 23 tendere
488 640 9 12 ,
518 625 24 23 id
558 626 33 23 eft
608 630 79 20 verlus
698 629 135 24 duodenum
845 633 137 32 exporrigi;
1004 643 46 23 quo
1070 638 27 24 in

141 651 54 24 Cafı
211 658 52 17 cam
276 651 94 24 facilius
385 654 84 31 expelli
481 655 65 31 pofe
557 659 105 30 putabat,

173 683 139 34 Quanguam
324 685 83 24 eadem
420 685 78 33 fpecies
500 690 122 25 folitaria
632 693 29 23 ab
680 692 171 33 antiquioribus
866 695 24 27 &
907 699 138 31 quibusdam
1059 710 37 17 re-

140 718 133 23 Centiorum
289 724 23 17 ut
328 718 104 33 Spigelio
446 719 25 25 &
484 722 99 33 Andryo
593 724 89 25 credita
692 743 6 12 ,
717 726 102 35 ideoque
834 730 111 31 perverfe
958 732 81 27 folium
1051 743 42 16 vo-

141 754 53 20 cata
205 749 88 32 fuerit,
309 758 51 18 cam
373 759 79 18 tamen
464 753 139 34 hypothefin
618 758 111 26 verifimi
746 760 25 26 &
784 770 48 17 non
847 764 68 31 pauci
930 766 165 27 obfervacores

138 785 120 23 vertunt.
280 784 63 25 Dico
359 786 30 24 de
403 787 108 31 Forefto,
528 789 147 32 Werlhofio,
694 793 112 26 Schulzio
822 797 79 30 paflim
918 798 105 32 füperius
1036 801 58 24 cita-

140 816 52 35 is,
215 817 77 31 deque
309 819 36 22 his
367 819 40 30 qui
425 820 50 23 folii
491 822 159 29 pluralitätem
666 826 24 21 in
701 827 139 24 animalibus
854 829 108 25 viderunt
976 832 118 30 Wepfero

139 847 24 24 in
178 849 167 25 experimentis
364 850 66 28 fuis,
458 850 26 23 &
498 853 106 24 Linnaeo
618 855 57 22 Diff.
693 863 23 23 P.
733 861 35 25 14.
804 859 53 29 Ipfe
873 867 45 25 ego
936 862 24 23 in
980 865 114 31 canibus,

139 879 101 29 felibus,
257 880 150 31 muribusque
418 886 118 28 nunquam
552 885 129 32 folitarias,,
703 888 39 25 fed
757 890 24 23 in
792 891 45 24 illis
847 893 68 31 faepe
926 895 29 24 ad
968 903 73 23 ı5nas
1057 906 36 16 re-

156 913 40 24 eri.
230 912 77 24 Semel
326 913 23 23 in
368 920 57 17 cane
443 916 102 24 extrario
566 920 96 24 memini
678 928 39 16 me
734 930 68 16 unam
815 925 98 30 plurium
927 928 124 33 ulnarum,
1067 931 27 25 &

139 953 25 18 in
179 945 48 24 imo
238 945 47 24 ileo
298 952 30 23 14
343 946 98 32 exiguas
455 948 124 32 reperiffe,
594 959 96 24 quarum
703 954 38 24 illa
755 959 76 22 mater
846 958 75 26 videri
936 968 101 25 poterat.

171 979 75 24 Extra
259 978 100 25 anifnale
371 987 84 24 corpus
468 989 29 17 an
507 989 95 25 reperta
613 985 27 25 fit
655 987 126 26 dubitandi
796 990 65 25 locus
873 992 40 25 et.
948 994 36 24 Ex
996 997 51 23 aliis
1059 997 34 24 vi-

137 1012 104 25 feeribus
261 1012 128 33 prodiifle,,
413 1014 69 25 unica
500 1022 66 18 extat
586 1018 133 25 obfervatio
735 1021 102 26 Hieron.
857 1025 98 25 Montui
973 1027 24 23 in
1014 1028 76 26 Pra&.

137 1043 70 23 Med.
227 1045 87 24 Veitet.
330 1047 67 29 1556.
416 1055 22 22 p.
454 1050 53 24 168.
526 1050 39 31 qui
576 1049 46 25 fefe
636 1053 159 25 cucurbitinos
810 1055 83 26 mi&tos
904 1056 25 26 &
941 1060 70 24 vivos
1024 1062 23 23 in
1058 1062 34 23 lo-

138 1073 36 25 tio
187 1074 83 25 vidiffe
282 1077 105 26 affirmar.
405 1079 64 25 Will.
482 1082 102 25 Courten
599 1083 25 25 in
639 1085 60 24 binis
712 1087 98 24 canibus
825 1096 94 19 vermes
931 1092 95 31 pedales
1038 1096 51 22 abs-

137 1113 45 26 que
193 1106 162 37 inteflinorum
372 1111 102 26 laefione
490 1122 43 24 per
548 1124 85 18 cavum
651 1117 151 27 abdominale
814 1128 115 26 vagantes
949 1126 107 29 invenit,
1073 1128 15 22 |.

136 1140 68 31 fupra
215 1145 40 18 cit,
290 1141 72 26 Extra
374 1144 99 25 animale
484 1154 72 25 corpus
558 1151 42 23 in
612 1152 96 31 publico
718 1155 74 28 puteo
806 1162 12 16 a
830 1155 23 25 fe
872 1164 115 25 repertam
1004 1159 84 31 gloria-

136 1179 37 19 tus
188 1171 33 25 eft
238 1172 122 31 Unzerus,
387 1176 122 34 Hamburg.
529 1182 94 32 Magaz.
648 1185 70 24 Tom.
738 1186 69 26 VII.
826 1196 22 24 p.
868 1197 21 23 3.
907 1198 24 15 n.
950 1192 22 22 6.
992 1189 101 27 duftum

136 1206 83 25 imorbo
229 1204 103 26 feminae
347 1214 60 24 quae
418 1209 136 35 fimulatgue
569 1216 51 31 ejus
635 1218 68 31 putei
714 1226 58 25 aqua
789 1229 44 23 pro
849 1228 58 24 potu
924 1223 33 22 uti
973 1222 98 26 defüfler
1082 1242 8 12 ,

135 1245 14 19 a
162 1240 109 25 Taeniae
284 1239 196 38 fymptömatibus
501 1252 85 19 vacare
599 1257 94 24 coepıt;
712 1249 63 27 Tum
796 1252 102 32 infpefta
917 1262 58 23 aqua
994 1256 96 25 Unzero

134 1273 130 31 apparuere
277 1273 141 26 cucurbitini
429 1273 141 33 finguli.vivi
584 1280 25 25 &
620 1283 102 28 mortui,
739 1291 45 16 una
795 1292 54 16 cum
861 1292 83 19 catena
964 1294 13 17 2
999 1288 90 31 palmo-

133 1309 52 19 tum
186 1306 77 24 viva.
298 1308 70 24 Haec
380 1315 29 17 ne
421 1306 70 25 fuerit
506 1317 28 16 an
545 1312 28 23 ad
588 1311 114 27 Taeniami
722 1316 119 31 vulgarem
857 1318 124 27 referenda
994 1339 6 11 ,
1018 1331 70 23 quam

133 1336 120 25 Linnaeus
266 1338 22 24 in
300 1341 71 24 ochra
384 1340 133 32 Jaernenfi,
531 1341 25 25 &
573 1345 104 26 Gaddius
695 1346 70 33 (Diff.
785 1348 30 25 de
833 1349 79 34 Satag.
932 1352 36 25 Pr.
984 1354 103 26 Menan-

133 1369 50 25 dro.
202 1378 21 23 p.
238 1371 55 33 29.)
312 1374 23 23 in
347 1373 84 33 palude
447 1373 90 32 Pispala
553 1377 142 26 invenerunt
711 1380 116 26 incertum
842 1382 45 25 efe
904 1389 144 29 apparebit,
1072 1387 15 24 fi

132 1402 126 29 adtendas,
276 1405 129 26 Linnaeum
417 1408 23 23 in
452 1407 71 24 Faun.
540 1409 66 26 Suec.
627 1415 70 22 1266.
715 1412 26 25 &
760 1415 102 25 Amoen.
875 1417 44 25 Ac:
938 1420 47 24 ].c.
1004 1429 23 23 p.
1044 1426 40 24 93.

132 1434 188 27 obfervationem
336 1438 61 25 fuam
411 1439 30 25 de
453 1439 91 27 Taenia
560 1446 147 24 eucurbitina
717 1447 115 31 narraffe,
851 1448 26 25 &
886 1451 23 25 in
921 1452 93 25 decima
1029 1452 55 24 Ecdi-

131 1468 67 25 tione
213 1467 134 34 Syftematis
366 1479 96 18 naturae
463 1473 72 25 fuam
547 1475 63 26 fimul
621 1477 24 25 &
664 1478 91 26 Gaddii
764 1481 192 28 obfervationem
977 1484 29 24 ad
1022 1484 63 25 Tae-

131 1502 63 25 niam
206 1503 119 34 vulgarem
333 1506 108 32 referre,
460 1509 145 30 Quamvisin
615 1510 78 27 ochra‘
702 1513 118 32 Jaernenfi
830 1522 120 25 repertam
961 1517 123 25 adumbra-

1040 1558 44 18 ve-
