1184 1608
51 1211 24 62 II

350 76 575 35 INAUGURALIS
1086 99 32 24 55

160 130 64 27 ditae
237 132 34 24 rei
282 132 155 33 inventione;
454 143 83 18 verum
549 137 35 25 his
594 139 69 30 pauci
675 139 178 36 fuffragabuntur
855 153 27 23 ,
898 144 42 26 nifi
952 145 65 27 forte
1028 148 90 36 fintqui

160 165 98 24 credant
271 164 88 26 Ovidio
370 174 47 25 quod
419 168 56 25 fir
539 195 4 4 j

260 197 91 33 Preffüs
361 201 62 24 bumo
439 202 90 25 bellator
545 211 64 24 eguns
625 206 112 27 crabronis
753 209 72 31 origo,

159 233 40 19 aut

168 273 5 6 .
256 277 48 6 —
319 267 36 29 qui
371 273 48 16 cum
435 267 71 31 claufo
520 268 126 32 putrefalta
663 269 31 34 eft
709 270 70 33 fpina
790 273 99 32 Jepulero

256 296 90 24 Mutari
359 303 79 25 puient
455 300 107 25 humanas
578 310 71 23 angue
666 305 110 24 medullas.

190 325 55 25 Poft
255 327 65 25 Redii
330 329 145 27 immortales
488 333 104 30 labores,
610 334 25 25 &
646 334 168 28 Leuwenboekii
825 338 123 28 obfervata
960 360 9 12 ,
994 352 65 19 nova
1072 347 47 34 ob-

156 359 72 24 Gnuit
239 358 116 28 fententia
369 363 62 26 nafci
442 372 84 18 vermes
537 367 71 25 noftri
620 370 105 30 corporis
739 379 28 15 ex
777 372 70 24 ouulis
857 372 125 32 infelorum
999 384 49 18 cum
1063 383 51 21 adre

156 392 47 23 cibo
211 397 92 27 potuque
316 394 120 33 ajlumtis;
461 398 106 25 Taeniam
582 407 78 18 autem
671 410 69 24 quam
759 405 104 30 reperire
882 412 65 20 extra
962 416 85 25 corpus
1066 419 50 18 non

155 429 143 27 potuerant,
316 434 41 25 per
370 431 178 31 metamorphofin
560 434 53 23 oriri
627 452 7 11 „
658 434 70 26 Tacile
744 437 158 31 explicabant.
935 440 60 25 Eam
1013 444 101 26 maximi

155 462 56 19 tunc
218 461 112 29 temporis
336 462 87 25 medici
431 464 156 32 arripuerunt,
593 474 58 24 quos
661 468 61 24 inter
733 471 108 24 eminent
852 472 161 28 Boerhaavius
1020 476 91 31 Aphor,

156 492 72 29 1360.
249 491 26 26 &
295 494 162 26 Hoffmannus
472 497 24 24 in
512 505 64 23 oper.
595 500 72 24 Tom.
683 501 42 24 III.
744 509 23 24 P-
785 511 56 23 490.
866 505 90 26 Verum
973 507 15 24 fi
1002 510 110 29 cogites,

154 524 62 28 quod
233 525 83 25 horum
333 529 116 22 vermium
460 535 109 24 parentes
589 537 67 18 extra
675 534 110 25 animalia
801 535 99 26 exiftere
912 556 7 11 ‚
945 541 105 23 maxime
1068 541 44 25 du-

152 554 66 28 bium
235 555 46 31 fir,
304 557 25 26 &
340 567 94 17 vermes
450 562 183 32 metamorphofi
649 565 117 26 obnoxios
782 575 46 18 non
848 568 45 27 effe
907 579 46 17 nec
969 572 119 27 obfervari
1102 583 8 22 ;

152 585 132 33 hypothefes
286 590 77 25 iftae
374 600 58 17 vero
446 594 42 24 vix
500 596 115 23 tantillum
628 596 83 25 fimiles
726 599 151 26 videbuntur.

157 637 7 4 -
184 619 71 24 Paulo
266 622 94 29 melius,
379 632 28 15 ex
419 627 96 28 propriis
524 629 47 21 ovis
583 635 83 17 vermes
679 629 60 31 nafci
751 631 29 27 &
786 632 56 31 fuae
853 633 39 32 ejfe
899 634 97 32 [peciei,
1008 637 99 33 Seminia

150 655 75 20 aulem
236 659 47 17 cum
295 658 143 22 excrementis
446 632 81 57 Parfa
540 660 23 23 in
577 660 88 31 herbas,
684 663 22 22 in
720 664 86 28 undas,
820 664 46 26 cum
877 667 129 32 ajfumendis
1020 673 22 22 in
1053 674 54 23 alio-

150 690 48 16 rum
211 686 127 24 animalium
349 694 75 25 corpus
438 690 120 32 transferri
569 710 6 11 ,
599 693 79 32 ibique
691 696 61 30 aptis
767 696 106 33 fufeepta
887 701 178 27 conditionibus
1083 706 25 28 in

149 717 105 29 parentis
269 717 72 27 fimile
351 720 86 25 anımal
449 724 79 24 evolvi
541 742 7 11 ,
567 724 132 27 docuerunt
715 728 46 24 alii.
797 730 156 28 Recentiores
971 735 55 25 dein
1050 737 57 27 7ee-

149 749 61 24 niam
221 750 120 32 fpeciatim
357 761 27 17 ex
395 763 55 24 aqua
465 757 92 30 primam
573 758 75 25 ducere
668 761 105 32 originem
791 765 176 31 perhibuerunt.
1004 769 47 35 Qui
1072 772 36 24 his

148 780 86 28 favent
245 785 151 31 opinionibus
416 796 39 17 eas
475 790 78 25 multis
569 793 161 30 probabilibus
745 799 143 29 argumentis
903 800 82 26 fuleire
1004 802 102 26 ftudent.

147 814 92 26 Dicunt
254 818 168 33 Microfcopiis
440 822 94 30 adjutos
550 824 164 26 obfervatores
731 829 86 29 ubique
834 831 102 24 locorum
953 833 26 23 &
994 834 24 24 in
1037 837 68 24 omni

147 846 63 30 Quafi
222 849 80 23 mundi
315 850 70 24 noftri
398 852 89 29 pun&to
496 854 123 24 ovulorum
632 855 25 24 &
670 857 192 27 animalculorum
877 864 115 31 myriades
1003 866 102 27 detexif-

147 878 30 23 fe.
214 879 109 25 Volitare
334 889 58 24 ergo
403 884 24 32 in
445 891 56 17 omni
504 885 72 24 aöre
586 886 76 25 adeffe
672 888 22 24 in
708 890 125 26 efeulentis
850 892 26 26 &
892 897 147 32 potulentis,
1062 909 43 17 no-

146 910 84 33 bisque
244 913 107 31 quotidie
367 922 53 17 cum
438 915 48 26 ifis
498 918 83 31 ingeri.
616 920 58 25 Inde
688 921 46 25 effe
745 924 62 30 quod
821 925 100 28 infantes
933 930 115 27 Jaftentes
1063 936 41 29 qui

144 942 161 34 heterogenea
317 954 47 17 non
376 947 130 33 aflumunt,
523 951 110 26 rarifiime
646 955 118 25 vermibus
777 956 149 30 obfideantur
936 982 7 11 ,
967 973 135 25 quanguam

131 977 118 26 .maxime
267 979 112 31 pituitofa
395 980 104 27 habeant
514 991 101 25 corpora
632 988 76 31 qualia
722 991 120 25 vermibus
860 993 82 27 favere
956 1004 13 17 a
986 999 118 32 plerisque

146 1011 136 26 ereduntur.
317 1014 58 25 Cum
395 1015 60 25 cibis
476 1023 80 18 autem
578 1017 97 27 feminia
690 1020 185 34 frequentifime
896 1028 85 25 hauriri
1004 1030 100 27 demon-

142 1041 75 25 Itrant
227 1046 98 28 pifeium
339 1049 126 31 exemplo,,
482 1051 39 31 qui
533 1051 118 25 vermibus
661 1053 51 24 fere
724 1062 117 25 nunquam
849 1067 95 18 careant
952 1079 7 11 „
972 1062 25 24 &
1008 1071 94 23 canum,

141 1073 86 31 quibus
240 1076 62 24 idem
314 1078 50 25 fere
376 1081 38 31 qui
425 1082 67 24 nobis
504 1082 33 25 eft
548 1083 82 31 cibüs,
649 1084 184 35 frequentiflime
846 1093 193 27 verminoforum.
1060 1098 41 23 Se-

142 1106 76 24 minia
236 1108 71 24 etiam
323 1112 39 24 illa
376 1113 23 23 in
415 1113 79 26 alieno
509 1118 105 30 quamvis
624 1119 120 25 elemento
755 1122 132 27 adolefcere
899 1126 64 31 pofle
984 1130 116 30 exemplis

139 1139 120 24 vermium
276 1141 29 24 de
322 1151 100 23 quorum
440 1153 54 18 ortu
512 1150 68 24 nobis
594 1152 93 25 conftat
705 1152 61 26 intra
780 1156 108 27 animalia
904 1162 150 30 vegentium,
1073 1169 26 18 ut

140 1171 56 25 fünt
213 1172 80 25 larvae
303 1175 141 33 oeftrorum,
461 1185 41 18 aut
514 1182 40 29 qui
565 1183 51 25 cafu
632 1186 23 24 in
668 1193 85 24 corpus
766 1189 105 26 animalis
885 1191 174 26 transferuntur
1073 1201 26 18 ut

143 1204 183 34 fcolopendrae,
343 1208 124 33 gordiique
484 1213 148 29 confirmant,
667 1217 126 33 Adjieiunt
811 1224 85 28 primas
911 1225 50 23 vias
979 1225 36 24 his
1032 1228 67 25 malis

138 1237 148 33 frequentius
295 1238 116 34 fubje&tas
423 1242 109 27 obfervari
533 1246 26 29 ,
579 1252 53 28 Quia
644 1250 98 25 femin.a
754 1255 78 28 patula
849 1255 122 33 amplaque
983 1258 39 25 via
1038 1262 62 23 reci-

139 1271 75 29 piant.
249 1274 101 25 Primum
368 1280 77 19 ortum
457 1282 80 20 autem
548 1283 102 23 maxime
662 1283 107 26 Taeniae
781 1285 23 23 in
817 1294 59 23 aqua
890 1291 160 28 quaerendum
1063 1294 35 25 ef-

138 1302 33 23 fe.
205 1303 66 27 Hinc
286 1308 126 25 Jumbricos
422 1308 133 31 epidemice
570 1314 91 30 graffari
680 1315 53 30 poft
752 1317 165 26 inundationes
935 1321 25 24 &
977 1323 121 28 humidam

139 1335 55 22 anni
212 1340 137 27 temperiem
360 1349 7 22 ;
385 1340 56 25 hinc
456 1341 115 33 aliquibus
588 1347 91 32 populis
691 1347 132 26 endemiam
838 1353 119 25 obfervari
968 1355 126 34 Taeniam,

138 1366 120 33 variisgue
271 1373 135 30 regionibus
416 1374 75 25 varias
501 1375 88 32 fpecies
604 1379 105 32 proprias
718 1387 39 17 aut
768 1382 80 25 faltem
861 1382 173 35 frequentiores
1046 1392 50 23 exi-

138 1397 69 25 ftere.
242 1402 117 32 Explicari
371 1408 71 24 etiam
456 1407 31 25 fie
500 1408 65 33 pofle
581 1419 39 17 cur
632 1420 90 17 vermes
733 1413 85 27 diverfi
837 1416 26 25 in
882 1418 101 29 diflindi
1006 1429 90 25 tempe-

138 1433 101 24 ramenti
255 1434 135 29 hominibus
404 1441 71 33 inque
490 1442 64 25 varia
565 1450 76 19 aetate
652 1446 129 25 abundent.

140 1490 6 5 .
168 1464 31 25 Et
214 1467 92 30 prorfüs
321 1471 97 32 quidem
434 1482 82 19 verum
534 1476 34 26 eft
587 1484 76 27 neque
682 1479 113 28 elementi
812 1489 39 19 aut
870 1484 100 28 Climatis
982 1489 114 24 mutatio-

138 1512 5 4 -
690 1519 7 5 “
1019 1523 73 29 nenf,
