1192 1608
338 99 567 37 INAUGURATLIS
1070 123 32 24 4i

135 156 40 25 illa
189 155 156 28 deficcatione
355 160 98 30 pulchre
463 162 125 31 confpieua
599 166 106 24 redditur
718 167 22 23 in
755 168 108 28 humanis
880 171 136 31 praefertim
1027 174 64 25 Tae-

133 190 60 27 njis,
211 196 60 23 quae
286 190 54 26 vitri
353 193 70 25 inflar
434 196 157 29 pellucefeunt
607 198 24 24 &
646 207 76 16 ramos
734 201 137 27 arbusculae
883 212 88 25 opacos
981 212 69 26 atque
1065 216 24 16 e-
1104 215 5 4 °

132 221 61 23 latos
206 222 119 30 referunt,
341 227 99 25 caninae
451 229 63 23 enim
526 229 129 25 deficcatae
667 232 98 25 latteum
777 234 25 24 &
815 244 101 21 opacum
928 239 103 25 colorem
1042 240 47 24 fer-

132 259 66 19 vant.
234 257 25 23 In
278 258 117 32 plerisque
406 268 12 14 a
433 268 37 15 me
481 259 52 25 vıfis
545 268 93 19 truncus
649 264 75 25 rellus
737 273 41 23 per
795 268 102 25 medium
913 272 123 25 articulum
1048 272 41 25 de-

132 294 114 23 eurrens,,
264 290 109 31 utrinque
388 292 135 24 innumeros
535 295 167 34 confertosque
716 306 77 16 ramos
806 307 43 22 per
865 307 75 19 totam
959 304 129 33 longitudi-

131 326 54 17 nem
198 321 119 28 demittit,
336 323 122 24 undulatos
473 326 111 31 varieque
594 328 131 27 fübdivifos
744 331 25 25 &
779 332 116 25 dentatos.
917 335 85 27 Talem
1015 338 72 26 ftruc-

131 358 76 17 taram
226 354 88 23 Anton.
336 354 29 24 de
377 355 86 32 Heyde
481 365 111 24 experım.
613 369 21 23 5.
653 363 24 25 &
697 364 143 25 Valifnerius
857 365 25 25 &
896 366 136 28 Roedererus
1040 373 47 23 ’de-

130 383 110 25 feribünt.
277 386 24 24 In
315 394 45 17 una
372 396 58 17 vero
442 390 92 26 Taenia
547 401 68 24 quam
631 404 29 17 ex
673 397 90 25 femina
776 401 29 24 28
821 407 114 17 annorum
945 401 92 31 habeo,
1049 412 37 16 ar-

129 415 95 26 bufcula
239 418 28 24 ad
289 419 60 25 bafin
365 422 90 25 articuli
472 425 74 24 oritur
567 428 78 26 radice
661 432 109 30 utrinque
786 432 89 31 duplici
896 441 60 24 quae
971 435 118 27 radiculas

128 448 82 26 verfus
227 450 135 34 fequentem
379 456 122 26 articulum
519 459 106 26 demittie
636 480 8 12 »
663 464 55 24 hinc
734 464 96 32 fimplici
845 472 83 19 trunco
944 469 97 31 erigitur
1059 469 28 26 &

131 482 64 24 eirca
211 486 105 24 medium
328 489 91 25 articuli
431 491 101 29 primum
548 493 24 23 in
584 494 71 26 latere
673 497 28 23 ab
715 497 78 25 ofculo
811 500 83 24 averfo
911 501 55 24 dein
982 501 106 33 fuperius

126 522 31 16 ex
168 516 74 25 altero
255 526 107 24 quoque,
381 522 98 24 rariores
491 524 147 33 alternosque
652 535 77 18 ramos
742 532 111 22 emittere
864 533 100 30 incipit,
982 536 104 24 cacumi-

126 554 31 17 ne
168 547 24 25 in
207 557 85 22 parvos
303 554 101 23 ramulos
414 555 108 31 difperfa.
559 558 75 25 Simili
646 561 90 30 prorfus
747 563 72 23 modo
828 564 124 30 pinnatum
964 567 122 30 Aphrodi-

127 584 39 19 tae
179 581 97 27 nitertis
286 584 172 27 alımentarium
470 589 119 28 canalem,
606 591 103 25 delineat
720 593 64 24 Redi
800 595 80 30 opufc.
900 598 71 24 Tom.
984 601 41 23 IIL.
1034 601 50 24 tab.

127 619 39 22 25.
186 614 125 30 Religuum
329 618 115 23 medullae
458 621 67 28 vagis
545 622 99 29 globulis
662 623 121 31 fpargitur.
818 627 116 25 Ramulos
950 638 78 17 autem
1047 641 36 15 ar-

125 644 109 23 bufeulae
245 653 71 16 cavos
327 647 46 24 efle
388 648 25 23 &
423 650 80 29 medio
519 657 83 19 trunco
617 656 135 24 continuari
774 664 30 18 ex
820 660 148 30 propulfione
987 664 99 32 liquoris

128 677 106 23 eontenti
242 685 41 22 per
289 680 194 30 compreflionem
496 686 177 31 cognofeimus,
691 688 102 27 docente
803 691 30 25 de
842 692 88 34 Heyde
947 696 12 23 I.
973 703 20 17 c.
1012 705 69 24 p.47.

124 709 39 30 qui
177 709 72 23 eriam
262 717 138 20 contentum
414 714 114 35 liquorem
540 718 100 31 globulis
651 728 103 26 componi
757 723 90 32 dicit,
856 726 133 33 fanguineis
999 730 83 26 noftris

120 739 125 31 anoleculis
256 744 69 31 paulo
336 747 127 33 majoribus
482 749 127 27 fecundum
623 754 217 30 Leuwenhoekium
860 760 88 26 Arcan.
964 770 47 18 nat.
1031 765 49 24 det.

121 772 46 32 Ep.
181 777 36 24 18.
254 777 131 28 Medullam
401 783 109 33 utrinque
523 783 101 38 ftringit,
629 789 87 25 canalis
728 791 92 26 articuli
833 794 103 32 eujusvis
948 797 133 32 marginem

120 806 100 34 Jegens,
237 811 23 23 in
272 819 71 24 quem
354 815 77 25 öfeula
445 817 89 25 dnennt
545 827 59 23 quae
616 823 23 22 in
655 824 167 29 marginalibus
837 828 91 28 papillis
944 829 66 23 hiant
1023 847 8 12 ,
1054 830 27 25 &

122 839 73 31 quibus
197 843 64 22 alia
272 844 81 25 oftiola
367 848 143 29 refpondent
519 852 124 24 medullam
656 854 116 26 adeuntia.
805 858 27 22 In
848 859 58 28 tale,
923 859 62 26 forte
1003 861 77 25 fortu-

120 879 42 20 na,
181 873 97 32 fyringis
293 877 82 24 tubulo
388 879 90 25 dire&to
491 881 102 25 Ernitius
605 886 80 24 omnia
704 887 116 26 medullae
837 892 94 25 vascula
948 893 131 27 feliciffime

120 904 118 30 implevit.
260 907 98 26 Canales
373 912 144 28 marginales
533 914 22 23 in
571 915 91 27 Taenia
678 919 15 23 f.
704 918 95 25 “catena
817 925 202 26 cneurbitinorum
1036 935 45 24 per

121 943 74 16 omne
206 945 84 24 corpus
301 941 180 28 anaftomofibus
494 950 191 30 communicare,,
708 958 23 17 at
747 952 24 23 in
787 956 152 27 cucurbitinis
957 960 122 32 disjundtis

113 968 116 33 ütrinque
246 971 87 27 claufos
350 974 46 26 elle
411 976 71 26 docet
499 979 83 25 Eman.
601 981 96 34 Koenig
714 984 54 25 A&.
784 986 97 26 Helver.
900 991 47 23 vol.
963 1000 19 16 r.
1003 1001 22 21 P-
1038 997 39 26 29.

118 1002 37 24 Ex
163 1004 86 26 osculis
259 1014 58 17 vero
324 1010 166 32 marginalibus
503 1014 164 30 proboseidem
684 1015 31 28 #”
729 1018 98 32 longam
841 1020 89 26 fuscam
945 1031 43 22 pro
1001 1025 75 25 lubira

118 1035 79 24 emitti
212 1037 25 24 &
257 1041 88 25 retrahi
362 1051 13 16 a
391 1046 153 24 cucurbitinis
555 1065 6 10 ‚
578 1048 146 32 eandemgue
744 1051 112 25 latentem
878 1054 78 31 fpecie
974 1057 102 25 lineolae

117 1065 82 37 fuscae
211 1075 127 28 apparere,
355 1076 63 31 quod
434 1077 62 24 idem
508 1078 86 31 refert,
611 1080 61 25 mihi
682 1089 120 25 nanguam
817 1085 81 26 videre
914 1090 119 33 eontigir,
1052 1092 23 23 in

116 1100 64 35 vivis
195 1106 72 20 etiam
278 1107 90 32 taeniis
379 1116 55 23 quas
445 1117 29 17 ex
489 1119 83 18 canum
585 1114 115 25 inteftinis
715 1115 79 26 habui.
830 1119 114 27 Attamen
964 1124 111 30 pundtum

116 1139 121 30 nıgticans
251 1141 71 20 ettam
338 1140 93 25 Ernftio
444 1142 24 24 in
486 1147 134 24 recentibus
635 1149 115 30 apparuit.
784 1150 53 33 Ego
852 1161 95 22 praeter
964 1156 111 31 papillam

116 1164 86 30 ofculi,
217 1173 62 17 intra
289 1168 159 30 inteftinalem
463 1176 105 26 tubulum
584 1179 71 34 longe
672 1182 155 30 prominulam
843 1185 28 28 &
885 1196 42 22 pıo
947 1189 74 23 lubitu
1039 1197 35 16 re-

114 1197 117 26 wradlilem
243 1200 56 25 nihil
317 1203 55 23 vidi.
406 1207 121 26 Articulos
543 1212 156 26 intercurrunt
715 1218 91 24 canales
820 1219 125 24 transverfi
957 1221 116 31 margina-

115 1230 61 26 libus
192 1233 88 26 inferti.
316 1235 108 27 Mediam
438 1241 115 30 quendam
567 1248 102 23 eanalem
686 1247 68 32 Taepe
765 1252 113 22 mentitur
897 1252 23 23 in
937 1252 136 27 diffe&tione

113 1262 126 30 fasciculus
255 1268 110 27 fibrarıım
382 1270 205 35 longitudinalium
605 1279 94 25 relidus
711 1297 9 12 ,
738 1281 105 26 derrata
859 1290 55 18 cute
934 1284 26 25 &
981 1287 91 33 reliquo

114 1295 74 26 ftrato
202 1300 85 26 fibrofo
301 1304 86 24 ablaro,
1057 1321 7 7 “

146 1330 107 31 Apparet
264 1335 57 25 hine
336 1338 152 26 nutritionem
499 1340 105 28 Taeniae
616 1344 49 25 fieri
680 1351 43 29 per
734 1347 79 24 oscula
826 1348 22 24 in
863 1351 107 33 margine
981 1362 93 24 aperta,

112 1368 60 23 Quae
183 1363 24 23 in
218 1367 92 24 canales
323 1371 139 31 marginales
480 1372 26 29 &
527 1377 142 24 transverfos
684 1377 128 27 admitcunt
831 1381 94 28 faccum
949 1389 123 23 nutritium

112 1400 14 16 @
138 1395 100 35 medulla
253 1400 179 29 aßforbendum.
461 1407 42 23 Fer
518 1408 75 31 Caput
604 1410 65 30 fupra
681 1410 142 34 deferiptum
833 1432 9 13 ,
859 1416 149 29 incremento
1018 1425 52 19 cor-

111 1432 64 30 poris
188 1426 116 30 füfficiens
318 1435 137 27 alımentum
467 1439 85 26 adferri
561 1444 76 30 »quod
650 1444 22 23 in
687 1444 44 25 lata
746 1446 76 26 Taenia
825 1449 73 26 fieri
912 1452 65 31 poffe
989 1453 82 24 defen-

111 1458 36 24 dit
159 1459 51 25 Car.
226 1463 121 28 Bonnerus
365 1469 15 23 |].
394 1478 20 16 c.
433 1480 22 23 pP.
469 1474 58 29 489.
546 1474 44 33 feq.
611 1477 113 25 credibile
736 1487 47 17 non
796 1480 49 30 et,
864 1491 53 16 cum
936 1486 68 23 nimis
1018 1492 54 24 par-

111 1497 40 19 Eus
161 1501 45 25 pro
218 1501 68 23 tanto
296 1506 101 27 Corpore
409 1505 109 26 videatur
530 1507 63 34 chyli
607 1509 100 26 afluxus
719 1520 43 25 per
782 1520 71 20 tenue
870 1516 83 32 flum,
970 1526 47 17 nec
1034 1525 40 25 ap-

146 1533 5 3 .
677 1544 19 24 F
