1200 1608
119 110 29 28 18
246 101 261 32 DISSERT

324 149 11 10 o

121 169 55 24 dem
187 171 133 23 merentur,
336 160 70 35 quum
418 161 39 25 vel
467 161 52 24 Tae

526 97 144 29 ATIO
718 89 238 33 MEDICA

521 160 38 24 nia
570 158 22 25 in
605 163 100 19 teretem
715 155 102 24 formam
828 152 136 29 contratta,
980 150 39 25 vel
1051 158 25 17 po-

122 202 50 31 1ypi
189 198 118 34 quoddam
321 202 74 27 genus
407 194 68 31 faepe
489 192 71 25 errori
572 190 76 25 anfam
665 189 56 23 dare
735 186 75 31 poflit.
844 186 40 22 Sic
895 184 115 25 Weckeri
1038 185 41 22 füb-

123 230 61 29 teres
201 231 126 25 lumbricus
349 230 27 24 ı8
397 227 86 32 pedum
496 244 6 10 ,

526 223 98 26 crafitie
641 220 105 28 terreni,
770 217 79 25 taenia
868 216 45 24 fuit
934 216 146 25 cucurbitina

124 264 121 27 contrada
260 281 8 12 ,
289 261 64 33 quod
377 260 25 25 &
421 258 116 33 Spigelius
559 255 73 27 fenfitr.
669 253 67 25 Idem
762 249 127 26 dicendum
913 248 29 24 de
964 249 116 25 lumbrico

123 297 101 34 Baglivii
237 296 96 32 wriginta
346 293 73 32 pedes
431 297 128 26 aequante,
576 288 24 25 &
612 285 75 27 fotfan
699 286 29 24 de
742 284 54 30 illo,
810 289 70 26 quem
891 280 139 24 femivivum
1048 281 34 31 ju-

126 331 68 25 venis
211 330 61 24 inter
287 326 191 27 vomituritiorfes
495 331 13 15 a

527 328 87 19 tartaro
633 320 104 24 emetico
752 325 42 25 per
810 322 69 18 anum
895 312 97 26 exclufit
1003 331 6 11 ,
1035 319 48 18 tres

125 363 68 29 ulnas
200 361 123 26 Gothanas
329 355 309 35 longo,apud.Ludovicium
645 353 22 24 in
675 353 63 30 Opp.
745 358 64 17 omn.
818 349 83 24 Franc.
912 353 70 24 1712.
993 344 47 25 obf.
1049 352 33 17 ız,

126 405 24 48 PB:
165 398 55 27 614.
257 394 99 24 Sienim
366 391 36 24 his
418 389 179 32 proportionata
614 384 112 26 craffities
745 382 77 26 fuiffet
838 388 65 18 certe
920 379 86 25 litteris
1027 385 56 17 con-

138 437 24 24 18

164 434 55 19 nata
242 426 69 25 foret.
349 423 92 25 Certior
470 427 51 19 forte

539 418 187 27 Bartholinianus
754 420 26 25 ı
798 412 46 27 uln.
862 414 102 30 longus,
992 410 93 26 minimi

128 461 71 33 digiti
211 457 114 30 crafltie;
343 455 26 27 &
380 456 37 33 qui
430 450 33 30 eft
475 453 61 33 apud
551 454 53 23 Laz.
621 451 122 24 Riverium
762 448 50 24 obf.
829 451 63 19 cent.
910 451 37 17 ı.
967 451 22 23 3.
1009 443 77 32 digito

140 502 35 22 ar,
184 492 25 26 &
220 491 94 26 dimidii
326 489 92 26 brachii
431 486 149 33 longitudine
591 493 13 16 e
615 480 152 34 fexagenario
778 487 10 23 ;
803 484 40 18 aut
860 477 106 24 redditus
979 484 13 16 a
1005 475 82 33 elyfte-

211 519 14 7 „e

128 529 28 28 Te
173 525 52 32 pofi
245 524 124 24 ifchuriam
384 529 55 16 cum
456 519 135 25 levamine,,
613 513 122 32 tripedalis
756 513 24 22 in
796 511 133 22 Commerce.
941 508 62 29 Litt.
1024 508 62 24 Nor.

129 557 52 27 vol.
193 557 75 30 [V.p.
281 558 39 22 61.
338 559 40 19 aut
388 550 143 26 femiülnaris
544 556 13 16 a
569 545 136 26 tertianarja
716 551 41 24 per
767 549 66 17 nares
845 540 121 29 redditus,
984 540 38 32 qui
1040 539 48 25 for-

129 591 27 28 te
174 589 115 32 folitarius
307 587 23 23 in
347 591 98 25 corpore
468 580 94 30 fuerat,
579 578 24 25 &
624 577 74 26 exftat
719 576 46 24 vol.
779 575 33 25 V.
831 582 24 23 p.
873 575 54 25 282.
960 568 134 36 longiores-

131 622 47 34 due
188 622 96 27 brachio
295 627 58 26 quos
364 617 62 26 vidit
438 615 98 28 Moreni
550 611 62 35 apud
624 610 130 27 Bianchum
770 616 24 25 p.
812 614 55 24 225.
903 604 43 26 Aft
961 612 78 17 rarum
1055 604 34 25 eft

130 658 20 24 fi
161 663 82 18 verum
255 653 147 32 exemplum,
419 648 170 35 quinquaginta
600 645 169 26 lumbricorum
787 641 137 26 femiulnam
937 638 153 33 aequantium

130 689 45 27 aut
185 687 159 34 foperantium
359 692 28 18 ex
397 684 93 33 puellae
503 681 90 25 tumido
603 685 83 20 ventre
698 676 185 34 prodeuntium,,
894 674 113 24 Tentam.
1021 673 68 22 Bres-

132 725 48 23 lav.
197 723 37 30 36.
253 728 54 23 pag-
319 726 56 23 431:

167 753 140 25 Lumbricos
326 751 103 24 Gälenus
448 749 24 23 in
491 745 115 26 inteftinis
624 749 93 20 tantum
737 741 107 32 generari
865 740 93 24 dixerat
970 756 7 11 ,
1006 736 39 24 fed
1067 737 26 23 in

133 785 83 34 multis
233 784 50 24 aliis
296 783 106 30 corporis
421 780 58 23 locis
496 778 88 31 pariter
599 776 119 25 obfervati
736 773 60 24 funt.
831 772 105 30 Majores
956 770 137 31 plerumque

135 816 172 30 inteftinalibus
319 815 24 36 ip
360 820 54 18 rene
427 812 134 23 nafeuntur.
594 808 94 24 Inrventi
700 811 80 19 autem
794 804 66 24 fuere
876 804 24 22 in
921 802 103 23 hominis
1037 809 56 24 quo-

135 852 49 35 que
199 851 104 25 renibus.
340 848 37 24 Ita
388 844 85 27 Blafius
489 843 47 25 obf.
553 841 62 25 med.
635 847 37 18 ı2.
690 845 60 28 part.
768 839 23 23 6.
809 841 77 20 narrat
901 834 23 26 fe
939 836 23 24 in
982 834 112 25 alterutro

122 900 5 12 ‚
135 890 86 21 fenum
233 884 44 24 viri
289 881 111 30 emaciati
416 877 127 26 lumbricos
560 874 58 25 duos
634 874 54 24 ulna
704 872 119 32 longiores
838 869 145 25 rubicundos
999 867 97 25 annulo-

136 916 38 28 Tos
188 915 109 34 reperiffe
309 933 6 11 ,
325 913 57 25 &in
395 913 71 24 Anat.
485 917 23 31 p.
524 917 10 16 I

541 915 37 23 25.
595 908 65 24 addir
670 907 77 24 virum
763 905 61 24 hunc
837 903 79 25 fenem
932 901 67 25 fuiffe
1010 899 25 25 &
1042 907 54 18 ver-

138 958 52 19 mes
204 948 89 26 caninis
310 946 83 25 fimiles
405 965 6 10 ,
433 942 147 34 limpidoque
594 941 52 25 fero
663 938 112 28 fcawuiffe.
811 936 132 33 Ruyfehius
959 940 94 26 quogue
1072 933 25 24 in

138 985 107 24 humano
256 988 56 17 rene
322 985 108 19 vermem
440 976 72 25 femel
525 975 80 30 vidit,
627 971 191 27 Cent,"Obferv.
836 973 39 26 64.
895 976 23 23 p-
937 970 39 27 83-
1010 967 29 22 In
1055 966 42 22 Er-

138 1014 63 29 nefli
224 1012 134 28 archiducis
378 1018 56 17 rene
454 1011 73 23 altero

550 1007 86 25 vermis
656 1006 117 30 oblongus
793 1003 70 23 vivus
880 1005 107 24 repertus
1010 997 87 31 legitur

139 1051 26 31 in
189 1048 113 31 Janffonii
327 1046 106 25 Mercur.
462 1041 142 30 Gall-beig,
636 1044 59 18 tom.
716 1044 21 16 2.
767 1034 25 23 &
809 1037 121 20 excretum
955 1036 54 17 cum
1029 1030 67 24 urina

141 1089 14 17 a
173 1081 53 24 viro
243 1076 134 33 praegreffis
402 1074 119 25 doloribus

141 1111 87 27 Entius
239 1115 79 19 narrat
331 1110 24 22 in
369 1107 83 25 Philof.
469 1103 68 26 tranf.

142 1143 111 34 copiofae
273 1146 93 19 narrant
386 1137 152 27 obfervation

542 1071 25 24 &
589 1070 80 23 Tecuto
683 1067 72 24 miete
778 1070 97 19 cruento
899 1063 96 31 longum
1017 1064 12 24 3
1048 1063 47 22 uln.

561 1110 23 15 n.
607 1102 95 28 140.“p.
718 1105 61 30 1009
782 1105 22 29 ;
836 1096 25 23 In
878 1096 95 24 canibus
996 1094 103 26 inveniri

541 1141 32 16 es.
606 1133 96 24 Renem
723 1139 23 17 in
772 1138 36 17 iis.
822 1127 87 26 caffbus
931 1129 90 31 femper
1041 1127 58 32 legi-

142 1186 53 19 mus
209 1180 120 27 repertum
351 1171 66 24 fuiffe
435 1170 141 29 exfanguem
589 1184 7 11 ,
623 1165 115 31 marfupio
753 1171 30 18 ex
798 1161 100 27 eraffiori
916 1161 25 25 &
956 1161 87 32 rugofo
1057 1166 57 18 co-

143 1213 37 24 rio
197 1208 113 27 fimilem,
328 1211 71 17 unum
412 1203 36 23 vel
461 1202 78 31 plures

555 1206 91 17 vermes
667 1197 142 26 rubicundos
828 1196 150 25 co&rcentem
995 1192 107 25 confum-

144 1252 26 17 to
183 1241 195 35 parenchymate.
414 1236 65 23 Duas
490 1233 65 24 ulnas
562 1239 58 29 cum
635 1231 116 25 dodrante
767 1232 93 31 longum
876 1227 110 24 cueruleo
998 1225 104 24 maculo-

144 1280 50 24 füm
215 1277 22 23 in
259 1274 85 24 dextro
360 1276 83 22 rene,
464 1266 26 26 &
509 1264 99 32 veftigia
628 1264 107 26 vaforum
757 1264 234 23 membranarumgque
1014 1256 90 26 habent

143 1308 72 26 Mife.
227 1314 49 17 cur.
296 1305 61 24 D.I.
376 1304 53 23 Art.
448 1301 42 23 II.
503 1297 48 26 obf.
567 1301 52 20 261.
656 1299 26 22 In
698 1296 88 25 finiftro
799 1295 58 23 duos
868 1291 90 30 aliguot
978 1288 125 33 fpithama-

143 1349 54 25 zum
210 1340 69 31 digiti
296 1337 91 25 minimi
401 1334 114 29 craflitie,
533 1330 99 25 alterum
646 1327 186 35 fubpellucidam
850 1323 96 31 proprio
964 1323 94 25 facculo
1073 1330 32 18 ex

144 1379 94 19 uretere
260 1370 63 25 fadto
338 1368 108 32 pollicari
462 1366 114 25 inclufum
595 1363 59 24 ead.-
663 1363 30 23 A.
711 1363 45 23 VI.
774 1359 56 25 VII.
851 1356 47 24 obf.
918 1363 61 23 215;
1005 1359 27 22 In
1049 1358 58 24 dex-

143 1413 39 19 tro
199 1411 56 18 rene
268 1402 88 24 molofli
368 1402 54 24 vafa
434 1399 126 31 fanguinea
576 1396 74 24 claufa
661 1401 95 25 apertus
768 1397 79 19 ureter
864 1391 87 23 vermis
965 1390 60 24 ultra
1041 1391 65 24 diem

144 1439 84 27 vivus,
246 1436 135 23 vulneratus
393 1433 136 31 fanguinem
543 1429 98 24 flumine
658 1428 101 24 fahdens
775 1425 29 24 D.
820 1425 30 23 Il.
868 1423 46 23 An.
934 1425 40 22 ill.
994 1422 49 25 obf.
1066 1430 40 23 47-

145 1469 125 32 Contrario
285 1467 73 26 modo
369 1467 54 24 vafa
441 1471 81 27 aperta
0 0 1200 1608 ‚
521 1461 100 44 elaufus
636 1467 79 19 ureter
726 1458 127 27 Jumbricus
872 1455 175 34 trıfpithamalis
1065 1463 40 16 au-

1043 1487 61 26 ricu-
