1200 1608
64 105 12 17 De
81 103 25 22 |
201 85 427 34 DRIESESHERRETBÄNTUEOE
675 83 237 28 MEDICA

78 154 52 26 Vo
205 152 13 25 A
229 156 10 21 W
236 150 173 31 elichitumgn:
419 155 44 50 Br
489 146 152 33 [Frequenuus
656 144 63 24 forte
729 142 62 24 foret
800 142 86 24 malum
894 141 16 24 fi
922 139 116 27 lavatioin

80 188 25 32 DL
108 187 169 25 CUNTSgalCgrtar
280 190 30 18 2
311 191 29 17 OB
360 189 41 24 ch
481 181 175 30 agaDudros
674 176 90 31 faepius
783 174 75 24 fieret.
876 174 161 31 Reperiuntut

84 219 125 27 a
211 210 515 33 MesgVermiculgnanolitSgre@tonibus
737 214 122 25 praeterea
869 205 40 24 fub
920 208 119 22 variorum

83 253 76 25 anıma
230 242 508 36 BENEn[eciistcompiurfoussncarabis
749 239 75 25 Lifter
841 238 59 24 Phil.
913 238 84 23 Trans.
1015 246 23 16 n.

86 289 38 24 893.
143 284 92 25 locuflis
247 282 78 25 Frifch
337 281 69 25 Mife.
417 280 75 24 Berol.
512 279 71 23 Tom.
596 277 44 25 VI.
659 275 90 29 erucis,
768 271 119 27 Roefelius
899 269 87 32 paflim.

98 330 4 5 -
120 319 27 23 In
155 317 78 25 Ruffia
243 314 194 33 frequentesfunt
444 311 119 25 referente
569 309 105 25 Amicifl.
687 307 25 25 &
719 305 96 27 Dodiff.
822 306 88 27 Mautt,
920 303 39 32 qui
969 302 73 24 etiam

85 351 120 28 narravit,
221 349 75 25 vifum
315 346 87 33 pifcem
420 346 23 24 in
457 351 73 25 aquae
545 342 122 33 fuperficie
681 342 107 31 fupinum
804 344 122 20 natantem
945 343 97 24 magno-

87 392 45 24 que
146 383 122 24 molimine
286 380 48 25 fefe
350 379 164 31 ja@itantem,
531 378 155 23 interemrum
698 374 94 29 captori
804 369 109 27 obtuliffe
926 369 117 24 Gordium

86 424 86 23 corpus
193 418 166 28 penetrantem
372 429 7 10 ,
399 409 105 25 dolorum
524 407 100 26 caufam.
665 404 99 27 Deferri
781 403 94 24 viderur
896 402 25 22 in
939 401 104 23 hominis

87 456 101 24 corpus,
205 444 111 28 immiflus
332 444 40 25 vel
389 451 42 25 per
447 448 79 19 cutem
542 441 38 26 wel
599 447 54 17 cum
667 443 58 27 potu
742 443 42 24 per
800 444 34 15 os.
871 433 47 35 Qui
929 432 66 31 plura
1012 433 31 25 de

88 482 91 25 Gordio
192 479 60 26 velit
264 477 147 26 Welfchium
429 476 70 24 adeat
516 474 25 24 &
553 474 132 25 Clericum,
703 468 62 32 apud
775 476 58 23 quos
848 466 106 25 cautelas
971 465 73 23 etiam

88 515 41 24 fab
142 512 172 27 extralionem
325 511 50 31 ejus
389 508 25 25 &
428 506 122 26 dolorifica
561 506 78 23 ulcera
650 510 30 18 ex
691 501 140 31 abruptione
844 498 98 26 oriunda
955 504 90 17 memo-

87 550 55 24 rata'
155 546 117 26 inveniet.

261 610 57 29 IIL
338 604 205 34 ASCARIS
566 603 77 29 Linn.
664 600 28 29 &
710 599 167 30 Graecorum.

123 677 67 23 Char.
214 676 96 24 Corrus
332 679 75 22 teres,
425 672 82 27 laeve,
525 669 108 31 utrinque
651 673 160 21 attenuatum;
830 663 112 26 extremis
959 660 87 26 acumi-

211 709 68 24 natis.
380 717 4 6 ‘

100 755 5 5 .
123 742 98 25 Habitat
238 741 24 23 in
281 738 65 26 re&to
361 736 137 28 hominum,
514 740 128 24 equorum,
659 732 24 24 in
698 730 71 24 vulva
780 728 154 26 feminarum,
954 726 25 23 in
995 724 52 34 pul-

91 783 57 19 mone
152 774 173 25 lacertarum.
356 792 4 5 .
657 763 13 11 ”

123 805 77 34 Defer.
220 805 90 31 Corpus
327 801 107 26 afcaridis
448 799 35 25 eft
501 797 79 24 album
593 814 7 12 ,
622 795 167 27 tenerrimum,
811 791 97 31 fimplex
919 807 7 12 ,
943 790 105 24 brevius-

94 841 93 28 culum,
204 846 76 22 teres,
299 837 108 32 utrinque
418 834 24 24 in
452 838 98 19 acumen
561 835 129 19 tenualum.

128 872 97 25 Infeftat
235 875 85 21 autem
329 870 20 24 is
361 867 142 26 vermiculus
520 863 115 29 hominis,
643 859 136 35 praefertim
785 859 79 33 pueri,
874 856 112 26 inteflina
997 862 52 18 tan-

93 911 51 19 tum
159 905 72 24 craffa
243 921 6 10 ,
273 903 137 31 habitatque
428 898 127 27 fecundum
573 902 92 18 auteres
682 895 24 24 in
720 893 77 28 redto,
815 891 25 26 &
853 892 23 24 in
894 891 46 25 coli
957 896 93 26 quoque

96 938 95 25 celluli.
231 936 71 24 Hanc
321 943 81 16 omnes
418 931 88 27 Graeci
522 930 40 24 fub
577 930 96 23 namine
690 926 107 26 afcaridis
815 925 167 31 defcripferant
995 940 7 11 ,
1026 926 24 18 at

95 971 92 25 Arabes
207 968 173 26 cucarbitinum
392 967 146 23 Graetorum
556 970 54 16 cum
623 961 103 25 afcaride
737 958 131 27 confudifle
883 954 169 32 interpretibus

96 1010 70 26 atque
178 1000 225 28 commentatoribus
413 998 43 25 vifi
468 997 67 28 funt,
553 995 62 25 unde
628 996 23 22 in
667 993 102 24 noftrum
780 998 72 23 usque
866 989 64 23 diem
943 984 107 35 confufio

96 1039 119 29 utriusque
229 1035 101 25 nominis
342 1031 135 34 permanfit,
495 1030 61 24 adeo
570 1027 71 24 facıle
653 1031 77 18 tamen
744 1020 136 33 fuperanda.

132 1070 53 24 Hos
196 1068 78 31 pueris
285 1067 83 27 utiles,
384 1072 44 17 nec
438 1065 32 22 ob
482 1063 113 30 pruritum
607 1057 120 25 morbofos
738 1053 105 32 putandos
845 1051 100 25 cenfet
952 1050 99 26 Bianchi

98 1104 86 25 Gener.
199 1106 54 23 255.
270 1099 64 24 Mira
347 1104 80 17 eorum
442 1095 33 25 eit
488 1100 82 17 natura
584 1098 53 15 nam
652 1090 23 23 in
690 1088 82 31 quibus
789 1086 95 31 copiofe
897 1085 94 30 adfunt,
1009 1086 43 23 ob-

98 1137 123 25 fervantur
235 1130 135 32 vefpertino
385 1135 108 23 tempore
509 1123 134 26 tumultwari
661 1127 69 25 atque
743 1120 27 24 ad
786 1117 155 34 fphineterem
958 1119 96 25 defcen-

99 1170 65 24 dere.
197 1166 116 31 Expertus
328 1162 45 23 hoc
387 1161 35 24 eft
437 1158 123 26 Pechlinus
576 1155 50 25 obf.
639 1157 39 23 6r.
699 1152 95 26 Bianchi
810 1152 52 25 hift.
877 1153 80 32 hepat.
974 1152 25 23 P.
1014 1158 39 17 ır.

100 1210 20 16 e.
134 1209 22 23 7.
177 1200 86 24 Gener.
282 1197 54 28 256.
367 1195 38 29 qui
426 1194 24 21 in
462 1198 83 23 .aegro
563 1190 28 22 ab
610 1189 57 23 hora
684 1187 34 24 IX
735 1187 29 23 ad
783 1186 67 24 Xmm
872 1186 65 24 omni
956 1183 99 29 ve£fpere

100 1240 91 18 tantum
213 1228 95 28 cievifle
330 1226 115 32 pruritum
465 1223 23 23 in
510 1229 46 17 ano
584 1221 81 27 vidit,
695 1226 25 18 ut
741 1228 70 23 aeger
830 1219 39 23 fua
887 1216 79 24 munia
972 1214 83 34 obire

100 1274 48 17 non
161 1266 103 25 valeret;
282 1262 85 24 Itidem
384 1260 22 24 in
424 1257 78 25 amico
517 1257 30 23 ab
564 1254 141 24 afcaridibus
729 1253 113 31 pruritum
867 1249 23 34 in
909 1254 45 16 ano
971 1253 83 18 Imma-

101 1307 53 17 nem
173 1296 91 31 vefperi
284 1294 59 26 adeo
359 1291 203 34 ingravefcentem
583 1293 24 17 ut
623 1287 80 24 federe
720 1293 46 17 non
785 1281 74 33 poffer
876 1279 55 29 ille,
957 1279 98 32 clyftere

104 1339 30 17 ex
152 1329 66 24 fumo
234 1329 77 23 tabaci
335 1333 104 18 curatum
461 1322 58 25 vidi.
555 1321 26 23 In
599 1320 76 24 vefica
696 1324 91 26 quoque
813 1314 99 23 urinarıa
933 1312 123 31 habitant,

105 1363 26 26 &
148 1369 42 25 per
210 1360 118 25 urerhram
352 1365 109 19 excreios
482 1356 101 32 legimus
602 1353 62 30 apud
685 1351 89 24 Fabrie.
795 1346 128 25 Hildanum
935 1364 7 11 ,
971 1346 85 25 Carda-

102 1404 71 19 num,
192 1394 23 24 in
231 1393 69 24 Mife.
315 1393 58 23 Nar.
389 1399 50 16 cur.
458 1391 30 22 D.
500 1390 18 23 I.
537 1386 48 25 vol.
599 1385 42 24 EV.
665 1393 22 23 p.
702 1391 21 23 7.
741 1382 17 24 £.
769 1388 22 22 5.
809 1379 109 31 idemque
929 1380 36 24 bis
976 1379 80 25 obfer-

102 1429 69 27 vavit
184 1426 49 25 Fel.
244 1425 83 30 Plater.
335 1425 36 23 Pr.
385 1424 72 23 Tom.
469 1422 41 23 Ill.
521 1429 23 23 p.
553 1419 54 29 786.
625 1416 123 25 Afcarides
761 1413 86 25 vulvae
859 1412 66 31 fupra
932 1413 48 31 jam
992 1420 66 17 com-

102 1460 131 29 memoravi
246 1457 25 25 &
282 1457 79 32 paflim
374 1456 29 24 de
414 1452 211 28 afcaridiformibus
637 1447 133 27 vermiculis
783 1444 87 26 dietum
882 1444 59 30 fuit,
953 1445 105 33 quosvel

99 1497 25 25 in
137 1495 109 27 cerebro,
265 1490 40 26 vel
322 1491 25 24 in
362 1489 81 25 oflium
460 1485 145 29 meditullio,
621 1483 39 26 vel
677 1483 63 24 inter
756 1479 91 25 tunicas
864 1479 86 25 canalis
965 1477 92 27 intefti-

996 1510 61 26 nalis

98 656 10 48 oe

1133 1226 3 38 an
