1184 1608
280 77 10 21 I
342 69 575 37 INAUGWURALTISK.
1076 84 39 28 3

186 127 96 25 Habitat
295 126 23 24 in
331 126 101 26 hominis
451 126 133 31 inteflinis,
608 127 26 26 &
645 129 22 24 in
683 129 80 26 multis
780 132 201 31 quadrupedibus,
1007 136 104 29 praefer-

155 161 42 23 tim
210 160 24 23 in
246 159 55 24 feris
313 159 68 31 faepe
392 167 53 16 cum
459 160 92 24 Taenia
562 162 84 35 canina
665 160 22 25 &
701 161 133 27 Lumbricis
845 163 64 26 fimul
925 173 7 20 ;
955 165 22 24 in
991 173 80 23 mure,
1089 169 25 23 in

155 191 109 31 anguillis
278 191 124 25 fecundum
416 193 144 25 Leeuwenh.
572 194 89 24 Arcan.
675 200 47 17 nat.
735 195 48 24 det.
801 197 43 32 Ep.
859 200 37 24 18.
915 198 26 25 in
961 205 54 18 fonte
1028 200 28 24 ab
1064 201 50 25 Un-

154 231 54 17 zero
220 232 95 25 reperta
328 225 51 25 fuit.
687 259 58 5 oo.

189 257 76 33 Defer.
285 258 68 24 Color
364 258 52 24 albo
431 257 161 24 coerulefcens
603 265 7 21 ;
632 264 24 17 at
668 258 104 24 Taenias
791 262 160 27 cucurbitinas
963 265 90 25 minores
1056 265 57 25 fu-

155 290 61 30 feas,
240 292 68 22 vivas
329 298 28 17 ex
375 290 88 23 femina
482 289 102 25 Francus
606 291 90 30 depulit
714 291 69 25 Mife.
803 300 48 17 nat.
866 295 52 23 Cur.
938 298 30 22 D.
980 299 29 22 Il.
1028 300 29 22 A.
1078 299 33 23 V.

155 322 47 24 obf.
217 329 53 16 aıı.
289 322 29 23 Et
332 328 56 24 quos
403 328 29 16 ex
445 320 67 25 fonte
521 322 97 32 collegit
630 324 158 24 cucurbitinos
803 325 105 25 Unzerus
917 344 8 12 »
944 329 79 25 colore
1034 331 78 31 proxi-

154 355 32 24 mi
206 353 66 25 fuere
292 353 145 25 terreftribus
454 354 118 25 lumbrieis
588 355 132 31 pallidiores
738 364 91 23 tamen,
853 357 25 25 &
890 359 107 26 humanis
1012 363 100 25 dimidio

154 388 110 23 minores.
299 386 88 32 Corpus
401 386 167 26 crafliufculum
579 388 93 31 planum
686 390 154 32 longiffimum
851 410 6 10 ,
874 392 72 24 altera
959 397 152 24 extremitate

154 420 125 24 lentiflime
298 420 154 24 adtenuatum
466 439 7 11 ,
495 421 149 25 articulatum
657 441 7 11 ,
688 424 106 32 margine
812 424 161 26 fubferratum.
1008 428 103 25 Articuli

154 453 91 31 priores
258 452 144 26 transverfim
417 454 226 30 parallelogrammi,
662 455 77 25 verfus
753 457 106 25 latiorem
878 465 90 24 partem
982 459 128 34 longitudi-

154 493 30 16 ne
196 485 75 32 magis
281 493 68 24 quam
366 487 22 23 in
402 487 72 23 latum
486 486 148 30 crefcentes,
654 494 24 17 ut
689 489 23 23 in
724 491 112 23 extremis
852 490 170 27 dimenfionum
1038 495 71 23 ratio-

154 526 40 17 nes
208 519 107 24 inverfae
326 518 57 31 fint,
401 519 117 31 priorum,
536 518 24 25 &
573 521 82 23 verfus
666 520 63 25 filum
743 523 92 24 articuli
852 524 89 25 minimi
956 524 24 25 &
994 532 116 19 transver-

153 551 40 24 fim
205 552 99 24 lineares
318 558 136 25 appareant.
492 552 89 31 Singuli
582 554 100 31 artıculı
699 553 69 31 apice
784 556 139 30 rotundato,
941 558 23 24 in
977 558 61 25 bafın
1051 560 58 24 bila-

154 584 89 24 biatam
255 584 142 32 fingulorum
409 584 191 24 antecedentium
613 585 96 28 inmiffi,
727 585 68 26 fimili
808 588 44 24 bafi
873 590 136 30 fequentem
1023 592 87 25 artieu-

153 617 48 22 Jum
213 617 129 28 recipiunt;
359 617 114 23 alterutro
486 617 106 28 margine
603 618 78 22 medio
695 623 97 24 turgem®
802 620 23 21 in
843 621 112 28 papillam
966 631 8 18 ;
992 624 73 22 altero
1078 626 32 22 le-

153 647 62 23 vier
229 652 118 18 excavato
366 647 37 24 vel
425 646 78 28 relto,
526 646 24 23 in
562 646 89 25 latioris
667 654 102 19 extremı
780 652 96 23 maturis
887 653 111 30 larticulis
1009 661 100 28 utroque

152 687 119 18 convexo.
304 679 160 24 Articulorum
477 678 131 32 füperficies
622 680 59 24 ftriis
696 682 69 23 variis
778 683 209 32 longitudinalibus
999 686 25 25 &
1036 694 73 20 trans-

153 712 71 25 verfis
240 718 69 18 acute
323 719 109 18 exaratae
449 712 59 25 funt.
543 712 76 25 Labia
635 714 151 26 articnlorum
802 716 182 34 poftremorum,
1008 722 102 25 tumidu-

154 746 22 24 la
189 765 7 11 ,
213 746 101 30 hiantia,
332 745 173 30 fubcrenulata,
524 744 82 34 (unde
621 747 122 26 Borrichio
758 750 115 35 ferrata),
899 753 104 30 priorum
1021 754 86 27 flrieta.

153 779 102 32 Papillae
274 780 138 32 marginales
431 779 103 25 tumidae
547 798 7 10 ,
577 781 108 30 pertufae
698 781 140 27 foraminulo
856 787 118 29 rotundo,
992 788 116 32 alternae,

154 812 39 23 vel
204 811 26 24 &
240 812 115 24 fecundae
367 814 23 23 in
401 814 74 27 binis,
499 813 90 28 ternis,
615 817 136 27 quaternis,,
777 816 62 30 fenis
851 818 136 29 pluribusve
1004 820 104 24 articulis

153 844 134 27 continuis;
310 845 64 22 Raro
393 845 23 22 in
433 851 47 16 uno
496 844 96 23 artıculo
606 845 137 31 oppofitae,
760 853 40 17 aut
811 848 69 24 binae
891 850 23 22 in
927 850 83 24 eodem
1023 853 87 31 margi-

153 881 37 17 ne.
224 874 125 31 Oppofitas
363 875 145 24 Valisnerius
521 875 133 32 deferipfir,
673 877 65 24 binas
749 884 41 18 aut
807 885 77 20 ternas
902 890 131 26 quanquam
1054 892 55 17 raro

152 906 23 24 in
188 913 46 16 uno
246 906 100 25 articulo
364 907 100 24 inveniri
484 907 60 24 dixit
557 908 104 26 Ernftius
675 909 57 25 DIE.
750 910 21 32 $.
784 913 22 23 8.
829 912 77 26 ofcula
922 916 105 32 oppofita
1040 936 7 11 ,
1068 919 40 24 vel

152 945 81 23 terna,
251 939 39 23 vel
308 940 70 23 etiam
397 939 110 31 utringue
523 940 54 23 bina
592 942 22 23 in
630 942 83 24 eodem
729 944 100 22 articulo
843 945 67 25 fuiffe
926 949 23 22 in
964 950 38 23 fua
1014 950 93 24 Taenia

153 971 62 25 vidit
232 971 120 25 Raulinus.
388 971 107 25 Taeniae
513 971 133 33 fragmenta
662 974 23 24 in
693 980 64 26 cato
778 983 13 17 a
808 984 38 17 me
861 985 95 24 reperta
967 999 7 10 ,
1002 983 105 24 articulis

151 1005 106 26 minimis
271 1005 182 34 rugiformibus,
466 1006 23 24 in
501 1013 59 25 aqua
576 1007 110 30 expanfas
697 1007 79 25 ofcula
787 1010 72 23 modo
869 1010 102 26 folitaria
986 1012 42 25 fitu
1040 1016 67 23 vario

153 1037 23 23 in
188 1040 122 29 margine,
327 1040 70 25 modo
409 1040 54 24 bina
473 1047 29 17 ex
519 1039 85 25 eodem
616 1038 88 31 latere,
721 1041 72 25 modo
806 1048 65 19 terna
885 1044 25 24 in
922 1045 85 26 eodem
1021 1048 85 24 articu-

154 1069 22 24 lo
190 1070 166 27 monftrabant.
384 1073 79 31 Hujus
475 1073 83 25 fimiles
571 1079 46 18 tres
631 1072 64 30 felis,
713 1074 96 25 cobalto
820 1075 55 25 dato
887 1080 83 24 mortis
983 1080 61 25 inter
1060 1088 47 17 tor-

153 1108 93 22 menta,
264 1103 48 24 fine
326 1108 64 22 vitae
400 1105 85 32 fignis,
503 1115 46 16 una
563 1115 54 15 cum
628 1107 98 24 mortuis
742 1109 85 23 taenüis
843 1111 105 30 caninis,
976 1120 82 17 omnes
1072 1114 35 23 in-

153 1135 137 32 tegerrimas
305 1136 25 25 &
347 1138 78 31 capite
447 1138 39 23 fuo
506 1139 118 26 inftrutas
645 1140 113 24 excrevit.
794 1141 68 26 Pedis
877 1150 66 24 4tam
958 1152 89 23 partem
1067 1153 39 17 ae-

152 1168 117 32 quabant,
286 1167 66 26 fulcis
364 1171 108 31 utrinque
483 1171 73 25 tribus
568 1172 24 25 &
603 1173 148 25 fubtilifimis
769 1173 60 27 ftriis
843 1176 133 26 transverfis
989 1185 116 22 exaratae,

153 1200 105 26 Fruftum
267 1200 60 25 mifit
333 1202 98 24 Frarer
439 1203 164 34 Dile&tiffimus
610 1207 101 24 Berolini
718 1207 117 26 Pra&ticas
842 1210 201 25 exercitatiflimus
1050 1221 56 21 ,„ar-

147 1235 130 25 ticulorum
294 1234 203 26 interfeltionıbus
512 1238 92 30 prorfus
621 1246 40 18 aut
677 1248 30 16 ex
719 1247 67 25 parte
797 1241 154 31 oblitteratis,
968 1243 84 27 ofeulis
1063 1254 43 18 nu-

149 1269 112 29 merofis,
279 1269 153 24 crafiffimum
446 1268 25 25 &
484 1270 66 24 valde
565 1271 88 29 latum,
671 1279 29 17 ex
714 1274 108 29 feptenni
836 1280 84 24 puero.

184 1302 86 31 Figura
291 1302 116 32 deferipta
421 1301 23 25 in
459 1302 107 25 Taeniae
579 1305 58 25 vivo
647 1312 99 24 corpore
762 1312 116 25 nunquam
897 1308 84 26 eadem
995 1318 111 27 certaque

154 1341 111 25 apparet;
282 1336 89 24 articuli
388 1343 83 17 omnes
485 1341 54 21 tunc
555 1336 74 34 longe
645 1338 121 24 breviores
779 1338 51 24 funt
842 1345 71 27 atque
927 1343 118 32 crafhores
1057 1365 7 10 ,
1080 1345 26 25 &

153 1366 32 25 fie
197 1368 69 31 faepe
281 1369 90 24 Taenia
386 1369 97 33 figuram
500 1368 112 28 fübtereti
629 1370 128 32 depreflam
772 1371 87 31 refert,
876 1375 63 31 quod
952 1376 26 25 &
990 1379 117 24 Linnaeus

156 1400 22 22 in
192 1400 58 26 Di,
268 1409 22 23 p.
307 1409 36 22 14.
360 1401 28 25 &
405 1403 48 24 Cel.
471 1402 165 27 Rorpererus
660 1405 23 23 in
701 1405 80 32 Progr.
804 1405 30 25 de
850 1406 93 27 Taenia
960 1418 22 23 p.
1000 1418 22 22 5.
1039 1417 66 18 nota-

148 1438 66 18 ‚Tune.
248 1434 75 23 Labia
334 1440 49 17 tum
397 1442 78 24 quoque
478 1436 172 25 articulorum
667 1438 66 23 hiant
748 1437 25 25 &
790 1439 75 24 veluti
884 1440 97 27 didu&to
994 1442 56 24 ritu
1073 1442 33 26 fe-

147 1470 116 26 ‘quentem
284 1467 124 25 articalum
429 1468 123 27 admittere
572 1470 118 25 videntur.
725 1471 60 25 Cum
810 1479 109 19 movetur
940 1475 92 25 Taenia
1051 1476 55 24 arti-

144 1505 29 16 a
883 1509 71 20 ct
1038 1508 67 26 eulös
