1184 1608
85 101 36 32 32
206 79 418 43 DISSERTATIO
674 81 235 29 MEDICA

88 159 50 26 vit;
156 156 78 24 Flatus
251 154 39 31 qui
308 153 29 24 ab
355 151 63 24 omni
436 147 162 27 inteftinorum
618 144 134 25 irritatione
771 142 105 23 oriuntur
891 157 7 12 ,
915 138 25 25 &
956 144 29 18 ex
1006 137 37 25 his

91 188 202 30 chylificationem
307 182 184 32 impedientibus
503 179 100 27 macies,
621 184 46 17 non
680 181 80 17 autem
780 180 29 16 ex
826 173 162 30 abfumptione
1005 177 42 23 op-

92 223 53 25 timi
158 220 61 32 chyli
230 226 25 17 ur
269 217 93 32 quidam
373 215 96 27 volunt,
486 219 68 26 quam
569 207 70 34 ipfam
657 215 47 17 non
724 206 91 30 femper
837 205 24 23 in
883 201 109 27 taeniofis
1008 201 39 24 ad-

94 255 46 27 elfe
156 254 88 23 docent
262 250 81 31 Andry
355 267 8 11 ,
381 247 24 25 &
420 247 119 24 Bonnetus
555 244 23 24 in
593 243 78 24 Mem.
691 239 58 33 pref.
768 238 13 23 a
793 237 60 24 ’Ac.
868 236 29 23 de
909 236 64 24 Paris
989 235 19 23 I.
1025 242 22 16 c.

94 288 115 31 fäepeque
224 286 58 23 rales
295 283 93 31 optimo
398 279 105 32 corporis
518 277 81 24 habitu
618 274 66 25 fuiffe
700 272 60 26 vidit
777 270 148 29 Clericus_p.
951 270 52 23 180.
1026 274 24 16 a-

95 322 80 30 liique.
208 318 58 24 Inde
277 317 71 24 etiam
360 314 111 26 naufeae,
488 309 194 26 vomituritiones
696 325 6 11 ‚
719 305 98 32 ftipatae
833 300 160 26 lancinatoriis
1009 300 41 23 do-

96 354 90 23 lorıbus
203 350 172 24 torminibusve
387 344 183 27 umbiliealibus,
588 340 157 33 proftratione
758 338 97 27 virium,
867 333 121 32 deliquiis,
1005 331 46 29 fiti,

115 385 85 26 allore,
220 384 84 23 fomno
316 379 135 25 turbulento
467 376 52 23 Adt.
534 381 48 17 nat.
593 374 54 22 Cur.
662 372 46 24 vol.
721 371 42 24 IX.
781 377 22 24 p.
821 376 37 23 94-
877 365 88 25 Foreft.
979 363 30 24 de
1018 364 34 23 in-

99 417 52 34 ieft.
172 415 78 25 affet.
265 416 38 30 36.
323 411 100 32 Tulpius
435 409 63 25 Edit.
514 416 20 16 1.
552 406 47 25 obf.
618 406 28 22 L.
658 405 32 22 Li.
708 411 20 15 c.
741 409 39 24 42.
797 407 73 25 eaque
884 397 67 25 audta
967 395 85 26 confli-

97 452 99 32 patione
211 448 59 29 alvi,
290 447 94 24 foetore
394 444 60 28 oris,
471 441 82 24 fudore
569 440 108 30 ingrato,
703 435 86 24 mentis
804 432 26 25 &
846 430 129 26 memoriae
987 429 67 24 debi-

98 485 69 24 litate
181 499 8 13 ,
204 487 67 18 motu
287 477 133 27 abdominis
436 475 79 28 vivo,
532 472 26 24 &
578 476 78 24 curgta
676 467 101 25 excretis
796 473 29 16 2I
850 464 59 24 ulnis
924 463 131 30 difcerptae

99 517 94 23 taeniae
212 513 67 29 Adta|
293 511 50 24 ead.
358 509 45 24 vol.
419 507 56 24 VII.
493 513 23 22 p.
535 507 38 27 63.
588 503 96 23 habent.
719 498 115 25 T'ormina
844 502 80 18 autem
943 495 113 23 continua

99 548 27 25 &
136 553 79 19 atroces
217 545 89 30 faepe
321 541 91 25 dolores
424 537 106 26 excitant
543 534 127 32 Epilepfias
682 538 26 18 ut
719 532 23 23 in
755 530 76 32 puella
850 535 42 24 per
902 527 78 31 plures
990 534 66 15 men-

101 581 36 24 fes
152 578 70 25 Mife.
243 584 47 16 cur.
309 576 31 23 D.
358 574 41 23 II
418 572 31 24 A.
467 571 30 23 U.
517 568 70 25 fchol.
597 567 36 27 ad
653 573 46 23 34,
717 563 25 25 &
759 560 125 33 catalepfin
899 558 79 29 fimul,
993 558 64 25 furo-

102 619 97 26 remgue
211 610 92 25 fatuum
320 608 23 25 in
359 604 105 34 feptenni
481 600 111 27 ceffantia
604 608 54 17 cum
675 596 182 35 praeteritorum
873 592 124 25 oblivione
1018 599 41 17 ex-

101 652 68 21 creto
185 646 47 23 lato
256 642 57 26 ibid.
348 638 127 34 Singularis
497 642 121 26 praeterea
640 632 75 27 fenfüs
737 629 94 33 frigoris
853 628 23 25 in
901 625 99 34 regione
1024 630 34 18 te-

103 680 82 24 nuium
198 678 29 24 ab
245 675 76 33 aegris
336 672 143 33 percipitur,
500 676 26 17 ut
541 667 116 27 Hildanus
674 667 23 23 in
718 665 61 24 binis
795 661 142 25 mulierculis
947 660 67 22 Cent.
1027 658 31 22 II.

102 712 52 24 obf.
166 717 38 24 72.
224 717 45 24 73,
286 712 110 26 expertus
408 704 48 25 elt:
475 703 39 30 qui
527 708 12 17 a
549 701 99 23 naturali
664 700 77 22 calore
755 698 24 22 in
792 695 92 23 Taenia
903 693 89 23 minore
1005 690 56 23 oriri

104 743 109 28 viderur;
228 740 62 25 unde
301 739 25 24 &
345 739 40 23 fub
404 734 169 26 extraliionem
586 732 115 23 Taeniam
720 730 23 22 in
762 735 43 16 ano
819 725 110 32 frigidam
943 722 68 25 fenfit
1024 729 37 17 ae-

105 783 42 26 gra
162 774 61 32 apud
240 772 112 25 Sanchez.
370 776 65 24 oper.
453 766 11 32 (
472 764 81 25 Tolof.
568 763 86 32 1636.)
668 771 23 22 p.
706 768 53 23 131.
780 765 129 24 quanquam
927 754 136 26 extrahenti

106 807 77 26 Zalida
197 805 127 25 videretur.
358 801 54 24 Alia
432 799 55 23 dein
504 796 103 23 maxime
618 793 128 32 hyfterica,
764 788 207 33 bypochondriaca
979 786 25 24 &
1014 794 49 16 me-

106 839 131 28 lancholica
252 837 143 33 fymptomata
397 841 31 22 ,
452 828 82 27 deliria
547 846 8 13 ,
577 826 79 26 febres
674 823 184 28 intermittentes
873 838 7 12 ,
908 827 54 18 cum
980 819 84 25 naufea

108 875 72 31 Mife.
195 880 47 16 cur.
256 872 59 22 Dec.
335 870 17 22 1.
371 868 30 23 A.
418 865 46 25 VI.
478 863 57 25 VIEL
553 862 47 24 obf.
621 868 46 17 van
683 860 128 24 Doeveren
829 864 21 24 p.
866 857 37 23 16.
922 854 25 24 &
961 853 104 32 putridas

110 905 109 26 Horftius
231 903 49 24 obf.
298 902 53 25 Lib.
369 901 100 24 Xl.'ır.
499 895 80 24 taenia
599 893 73 25 infert
686 910 6 12 ,
715 889 149 35 gravidisque
882 886 125 33 aliquando
1024 892 42 25 per

111 939 104 26 excitata
237 942 25 18 ut
277 936 93 24 videtur
392 931 100 26 tormina
507 928 94 24 abortus
617 926 91 25 indueit
726 931 25 17 ut
772 930 36 24 ap.
829 920 98 25 Hildan.
951 920 68 23 Cent.
1034 917 31 24 Il.

112 971 51 26 obf.
176 978 39 23 7L.
248 969 82 32 Itaque
351 965 131 34 paradoxos
498 961 102 24 maxime
615 960 95 24 morbos
731 957 26 24 &
780 953 141 33 compofitos
942 959 13 16 a
977 950 91 25 Taenia

112 1004 58 26 oriri
177 1004 78 31 femper
257 1000 122 32 fufpicio
390 997 45 25 effe
442 996 79 25 debet.

116 1037 205 30 Exeretionem
340 1031 95 33 majoris
451 1027 108 26 Taeniae
579 1025 68 31 faepe
667 1021 103 32 fequitur
790 1016 141 32 lipothymia
949 1013 120 26 fubfimilis

114 1069 26 25 ei
150 1075 68 25 quam
230 1067 64 31 aegri
307 1065 51 32 poft
370 1065 97 23 fubitam
479 1066 109 25 aquarum
600 1058 22 21 in
638 1055 70 23 afcite
724 1050 143 25 emiflionem
879 1055 39 17 aut
929 1047 142 25 abfcefuum

116 1103 146 24 internorum
273 1097 194 25 evacuationem,
491 1096 38 19 aut
543 1086 114 27 libidinofi
672 1084 51 33 poft
737 1083 96 25 nimiam
849 1081 93 26 feminis
955 1081 116 24 excretio-

117 1141 59 19 nem
190 1131 128 32 patiuntur.
355 1129 68 24 Talis
438 1135 14 16 a
463 1122 94 27 Taenia
572 1119 94 32 expulfa
682 1118 84 32 legitur
783 1116 23 24 in
818 1114 54 25 Ad.
890 1122 49 17 nar.
952 1115 52 23 Cur.
1023 1112 50 24 vol.

118 1167 42 26 IX.
179 1164 24 26 &
219 1171 37 24 ap.
274 1162 117 24 Clericum
415 1168 23 23 p.
459 1163 53 25 174
531 1152 120 25 Horftium
666 1152 48 24 obf.
734 1150 52 24 Lib.
802 1148 41 25 XI.
865 1157 37 16 ır.
920 1146 155 26 Valleriolam

118 1201 53 24 Lib.
186 1199 17 24 I.
224 1196 48 26 obf.
286 1202 23 24 9.
328 1194 115 30 aliosque;
461 1190 101 23 Febrem
572 1186 71 23 etiam
660 1185 23 24 in
697 1184 112 32 aliquibus
828 1182 80 32 fequi,
926 1181 23 23 in
968 1180 49 23 aliıs
1035 1186 39 15 au-

119 1241 47 17 tem
179 1230 91 33 prorfus
285 1227 63 25 nulla
361 1221 150 28 incommoda
522 1219 51 24 Car.
586 1219 96 24 Bonnet.
709 1219 13 23 1.
742 1225 20 16 c.
782 1216 79 24 docet.

121 1265 121 31 Tantas
253 1262 68 31 faepe
333 1258 78 26 turbas
422 1255 90 25 excitat
528 1250 126 25 monftrum
672 1250 54 24 illud
743 1250 23 23 in
783 1245 115 26 inteftinis
913 1249 99 25 regnans
1025 1258 8 14 ,
1050 1241 26 25 &

121 1297 40 24 diu
172 1296 69 30 faepe
254 1294 47 24 fine
315 1289 129 28 manifeftis
460 1284 157 28 ineommodis
637 1284 63 31 aegri
714 1300 6 10 ,
739 1282 47 23 imo
802 1285 41 25 per
856 1282 75 18 totam
946 1276 73 24 vitam
1033 1276 44 23 mi-

120 1328 129 29 tifimum,
276 1333 25 18 ut
317 1327 31 23 de
368 1324 109 24 Lanione
492 1316 99 35 quodam
612 1316 60 24 Ada
690 1321 47 18 nat.
759 1319 46 18 cur.
821 1309 47 24 vol.
885 1310 41 23 IIL
948 1317 53 24 app.
1022 1315 55 23 159.

122 1360 121 29 referunt,
260 1360 40 31 qui
310 1363 95 28 praeter
416 1356 64 24 leves
489 1351 83 34 jejuno
585 1356 83 17 ventre
680 1345 164 27 morfjcationes
846 1342 79 25 nihil
937 1342 74 32 paflus
1024 1340 53 25 fuit.

120 1394 115 32 Inteftina
246 1392 61 24 hanc
321 1391 100 24 taeniam
431 1386 129 31 effringere
569 1382 63 31 poffe
645 1389 57 17 vero
713 1376 105 27 diffimile
830 1384 45 16 non
888 1376 94 25 videtur
993 1393 6 11 ,
1017 1373 63 26 &ex

120 1424 138 35 Spoeringii
271 1422 164 25 obfervatione
447 1420 23 22 in
482 1416 54 25 Act.
550 1415 79 23 Holm,
648 1415 49 22 vol.
710 1412 41 24 IX.
772 1410 114 24 credibile
899 1410 34 23 fir.
946 1407 134 25 Solitariam

119 1463 29 30 in
162 1464 84 26 corpgre
247 1455 71 27 efle
331 1455 34 24 uti
378 1452 80 33 poltea
467 1450 30 25 de
510 1447 161 30 eucurbitina,
681 1446 29 24 de
724 1445 44 24 hac
779 1450 92 25 quoque
882 1448 123 26 negamus.
1018 1439 61 23 Clar.

979 1494 6 4 .
1053 1478 25 17 v

112 1525 7 8 .
