1192 1608
315 92 565 30 INAU@URALIS
936 90 26 28 ©
1054 101 30 30 9

125 155 79 25 Tenfim
217 152 79 30 audta,
314 154 152 31 refpiratione
479 153 104 30 difheili,
601 154 26 25 &
638 149 83 29 ventre
740 155 93 24 tumido
849 156 137 25 nofcebatar
996 175 7 11 ,
1021 159 61 23 mul.

125 194 81 24 tasque
218 193 84 25 greges
314 187 63 24 circa
392 187 56 25 illud
466 193 92 25 tempus
570 187 165 32 proftraverat.
771 189 28 23 In
813 189 100 25 diffe&tis
924 189 159 30 cadaveribus

124 221 82 22 aderat
216 219 83 25 afcites
306 228 89 23 verusa
405 220 141 31 compreflis,
554 221 37 31 (ut
599 220 67 31 Ifte,)
672 219 106 30 &zruptis
787 222 159 31 Iymphaticis,
956 228 38 18 aut
1003 224 78 30 potius

124 259 14 16 a
149 252 52 24 bilis
216 253 74 28 vitio;
306 259 123 18 omentum
445 252 64 24 fimul
522 260 149 24 corrugatum
684 259 68 18 renes
764 254 118 25 imminuti
895 273 6 10 ,
919 256 71 30 hepar
1009 257 73 24 maxi-

123 292 80 22 mum,
222 286 150 31 hydatidibus
390 284 26 24 &
427 284 108 24 folliculis
550 284 88 25 obfeffa
650 286 93 27 omnia,
760 288 150 29 receptacula
926 289 52 24 bilis
994 297 87 24 expan-

124 318 23 24 fa
164 318 102 23 fasciolis
278 318 99 28 effarta,
394 317 55 23 bilis
461 316 156 32 grandinofa,
636 318 79 31 fatua,
733 317 79 25 crafla.

158 349 119 25 Schaeferi
289 350 117 23 fententia
418 349 34 24 eft
464 350 115 24 Fafciolas
590 358 30 16 ex
635 353 66 31 aquis
716 353 23 24 in
758 352 66 24 varia
843 351 110 25 animalia
970 354 88 25 deferri
1072 364 9 21 ;

122 383 72 31 idque
206 382 49 24 fufe
265 381 184 31 demonftravit,
467 390 55 17 cum
535 384 96 24 morbus
644 385 101 25 humidis
757 385 135 31 praefertim
905 386 65 23 annis
983 388 97 29 oriatur,

121 415 149 32 maximeque
281 416 28 23 ab
324 415 39 24 efu
374 416 130 30 plantarum
519 418 143 30 quarundam
681 419 161 31 aquaticarum
854 425 55 25 quas
926 426 58 17 Oves
1000 420 80 31 impri-

124 448 45 23 mis
181 455 94 22 amant;
292 447 26 25 &
328 456 53 16 cum
399 448 48 32 ipfe
461 448 127 25 fimillimas
599 450 116 31 hepaticis
728 452 23 23 in
763 451 158 32 Nymphaeae
935 452 96 25 minoris
1042 452 37 25 fo-

123 480 38 25 lüis
174 481 126 24 invenerir.
335 483 52 30 Ipfe
398 483 23 23 in
434 482 59 24 foffa
507 482 131 25 fuburbana
652 483 165 34 Goettingenfi
829 484 28 24 ad
857 485 79 23 Sium
942 487 142 30 aquaticum:

123 514 60 24 tales
194 515 90 32 reperi,
302 513 73 26 fuscis
393 516 67 23 venis
477 514 93 32 pielas,
593 523 97 24 quarum
708 518 147 30 comparatio
869 516 66 32 fupra
952 518 62 25 fadta
1032 520 48 30 efl;

62 556 8 7 *
119 553 171 26 praetereaque
300 548 68 23 aliam
378 547 149 25 fasciolarum
538 549 101 30 fpeciem
651 551 107 30 nigram,
776 556 84 18 ventre
873 550 67 24 fusco
948 552 130 28 ‚lanceola-

120 586 67 22 am,
204 581 77 23 antice
295 586 141 19 truncatam.
470 581 82 31 Itaque
567 580 26 24 &
607 589 52 16 cum
671 583 65 30 aquis
749 583 24 23 in
788 583 83 30 quibus
881 590 46 17 non
942 584 135 33 infrequen-

120 617 37 17 ter
170 612 114 23 flutuant
296 612 25 23 &
332 621 53 14 cum
402 613 86 28 plantis
501 613 110 23 comeftis
622 614 104 22 animale
738 621 85 22 corpus
833 615 128 24 fubintrare
974 625 47 15 non
1031 626 48 16 am-

119 643 61 30 plius
192 643 92 22 dubito.
321 643 66 22 Idem
396 643 48 29 jam
461 642 68 24 fenfir
540 644 84 22 Franc.
643 644 141 24 Bonamicus
797 644 30 24 de
844 645 112 25 alimento
972 648 105 26 Florent.

121 677 70 29 1683.
210 674 26 23 L.
252 681 22 17 2.
291 681 23 24 p.
330 682 53 22 170.
401 674 108 25 ubi.dicit
521 674 63 25 nafei
600 676 22 24 in
635 677 128 24 vervecino
784 677 85 32 hepate
887 686 110 24 vermes,
1015 681 64 26 hiru-

119 706 63 25 dinis
192 706 118 33 fpeciem,,
328 714 30 17 ex
369 706 79 26 hauftu
461 715 108 25 aquarum
586 709 135 31 paluftrium
737 709 26 25 &
780 711 124 24 herbarum
921 714 157 26 arenofärum.

118 740 58 25 Inde
190 748 48 16 non
252 740 62 24 male
325 741 115 31 opiliones
451 741 60 32 prati
526 742 141 30 pravitatem
680 744 119 32 cognituri
810 751 55 18 exta
879 746 136 32 infpiciunt.

152 781 23 17 2.
193 774 118 26 FascıoLa
323 774 133 34 fubelavata
466 792 7 13 ,
493 783 34 16 ore
533 774 80 34 fefili.
671 792 4 4 -
1106 787 30 72 /

151 808 96 24 Habitat
258 808 183 33 frequentiflime
461 809 23 24 in
497 809 110 31 pulmone
618 818 83 21 ranae;
719 810 24 25 &
758 811 24 24 in
795 811 86 32 hepate
894 813 82 24 ovium
988 814 88 34 hunga-

117 840 101 24 ricarum
229 841 129 23 Schaefero
370 841 72 23 vifam
457 841 67 23 fuiffe
537 849 97 22 apparet
646 850 30 16 ex
694 844 71 22 icone
779 843 62 24 data.
875 845 27 23 In
919 845 111 25 inteftino
1040 856 35 15 ra-

118 879 81 16 narum
212 871 25 24 &
251 872 101 23 efocium
368 873 99 24 eandem
479 879 76 25 quogue
559 875 107 30 reperi.
1023 874 49 9 =

153 901 74 30 Defer.
245 904 91 29 Corpus
351 904 111 30 pallidum
475 921 8 11 ,
506 905 182 30 fübpellucidam
700 924 7 12 ,
730 908 112 23 mutabile
854 916 8 21 ;
883 916 64 24 pone
967 918 108 20 attenua-

116 942 51 18 tum
182 936 103 24 retufum
298 953 6 11 ,
327 936 103 23 anterius
450 937 115 23 clavatum
579 941 93 25 verzice
683 939 85 25 conico
777 947 7 20 ;
806 940 69 24 dorfo
889 943 186 31 deprefliufculo.

115 970 35 24 Os
161 969 22 24 in
203 969 66 32 apice
286 968 77 24 difcus
378 969 111 30 parvulus
506 977 134 18 excavatus.
675 973 72 23 Porus
763 973 112 31 ventralis
890 977 69 28 paulo
973 979 49 30 plus
1034 987 41 22 sta

117 1003 155 32 longitudinis
288 1007 69 27 parte
374 1002 28 24 ab
424 1009 40 17 ore
484 1001 101 30 diftans,
613 1005 86 30 papilla
715 1012 108 17 convexa
842 1006 84 29 hians;
946 1012 68 27 penis
1024 1012 52 30 ejus

115 1037 111 23 anteriori
248 1037 72 24 limbo
336 1035 143 31 imminens,,
503 1036 23 24 in
538 1035 89 32 liquore
643 1036 142 25 confervatis
796 1037 91 24 emiflüs
902 1040 91 32 re&tus,
1011 1042 65 27 fetae
1166 1050 4 12 ‚

116 1067 84 25 fe&tam
214 1070 133 29 particulam
346 1068 138 32 referens,
491 1069 46 25 five
547 1069 93 26 linearis
651 1069 101 30 rerufus,
760 1069 76 26 lineae
850 1073 71 25 8vam
930 1081 91 25 partem
1034 1079 41 23 vix

116 1100 125 25 excedens.

146 1133 85 23 Subtus
243 1140 42 23 per
298 1142 78 17 cutem
391 1136 131 32 tranfparet
536 1145 12 16 a
562 1145 58 24 Poro
637 1145 71 25 usque
718 1135 23 25 in
758 1143 131 20 extremam
903 1142 98 24 caudam
1013 1143 60 31 pofi-

114 1172 50 18 tum
176 1164 151 31 inteflinum,
344 1175 147 18 attenuatum
509 1171 113 31 erifpum,
642 1179 55 17 euns
707 1169 146 34 redeunsque
865 1178 25 19 ut
902 1175 96 24 viderur
1007 1193 8 12 ,
1032 1184 41 16 co-

115 1200 49 24 tore
176 1197 158 31 atrofufeum,
352 1199 24 24 &
388 1201 79 30 paflim
480 1202 87 25 vifcera
580 1205 103 31 pallida,
700 1204 23 24 in
735 1202 68 27 dorfo
819 1206 115 30 maxime,
954 1208 65 31 fupra
1030 1217 43 23 po-

114 1241 49 16 rum
178 1237 78 20 autem
269 1232 106 24 ovarium
394 1233 79 30 pallıdi
485 1235 92 25 coloris.

116 1270 7 4 “
146 1267 84 24 Motus
246 1267 66 32 hujus
325 1266 134 25 animalculi
472 1268 48 23 vivi
533 1268 34 25 eft
579 1271 151 29 tardiffimus,
748 1270 165 31 multiformis,
934 1271 24 25 in
973 1273 98 34 longum
1083 1260 43 65 /

113 1296 26 27 &
150 1299 79 24 latum.
407 1297 4 6 "

145 1333 25 22 In
186 1340 69 17 ranae
267 1333 111 31 pulmone
397 1333 113 24 alterutro
529 1335 153 35 plerumque,
704 1344 52 17 raro
770 1336 24 24 in
808 1342 99 26 utroque
925 1338 71 28 inveni
1000 1342 70 27 foli-

112 1366 82 27 tarias,
214 1366 78 29 bittas,
319 1374 92 22 ternas;
431 1366 47 25 imo
490 1375 140 24 quaternas,
647 1369 164 33 magnitudine
829 1369 96 27 circiter
939 1376 65 31 grani
1016 1385 54 17 ave-

110 1402 45 18 nae
167 1404 40 17 aut
220 1399 68 30 paulo
300 1400 118 24 crafliores
431 1401 149 31 minoresve;
596 1404 80 24 affıxas
690 1405 67 24 venis
768 1401 25 26 &
805 1403 95 33 feptulis
913 1406 97 27 internis
1021 1411 49 30 pul-

66 1426 140 83 Nas
219 1449 5 10 ‚
245 1439 40 16 ore
302 1432 131 25 hirudıneo.
470 1434 25 23 In
513 1435 110 26 inteftino
636 1437 82 25 Ranae
730 1437 25 26 &
768 1438 117 24 Lacertae
899 1447 77 25 aquar.
995 1443 75 23 cauda
1092 1429 45 133 /

29 1468 5 8 .

110 1461 99 31 aneipiti
224 1465 94 36 easdem
331 1467 109 36 parvulas
449 1465 24 25 &
485 1467 77 25 femen
574 1471 87 30 cymini
673 1471 40 24 vix
725 1477 127 27 aequantes
864 1472 96 27 fetaceis
976 1475 94 29 quibus-

108 1492 54 26 dam
175 1498 146 30 vermicalis,
340 1506 57 24 quos
408 1505 72 19 etiam
491 1500 223 28 Leeuwenhoekius
728 1504 137 26 obfervavit
886 1505 182 35 (Philof."tranf.

656 1536 54 33 D3
971 1545 24 19 n,
1013 1548 53 24 152.
