1184 1608
347 90 563 35 INAUGURALIS
1080 112 29 27 37

151 156 28 17 To
190 150 62 23 enim
267 149 81 30 binäs,
366 152 114 31 majorem
492 159 52 17 cum
558 154 74 23 multo
644 156 82 23 minori
740 163 40 17 aut
791 159 122 31 aequales;
930 164 94 26 ternas,
1042 162 63 27 binis

153 181 128 24 minoribus
295 182 37 24 vel
344 185 109 30 aequales
469 185 105 24 folitariis
587 194 46 16 non
647 188 33 22 ita
697 189 73 24 multo
782 191 116 30 minores,
918 193 48 23 imo
983 201 124 24 quaternas

152 213 209 33 binisminoribus,
379 217 23 24 in
416 225 45 16 uno
473 218 111 30 pifeiculo
595 219 133 25 obfervavi.
765 222 86 26 Obiter
863 225 39 24 hie
914 232 107 18 notatum
1034 229 71 24 velim

152 253 38 17 me
202 247 101 25 Berolini
314 249 60 24 inter
385 251 135 23 immenfam
529 250 200 26 Gafterofteorum
741 255 93 30 copiam
848 256 24 23 in
883 258 73 29 Sprea
968 258 71 25 fluvio
1050 268 56 24 cap-

152 284 76 20 torum
249 288 29 16 ne
301 283 93 22 unicum
413 281 93 31 quidem
528 284 157 30 verminofum
706 285 124 32 reperilfe,
853 296 53 17 cum
921 297 61 20 tamen
985 294 47 23 in
1048 293 57 26 foffa

151 314 93 28 antiqua
257 313 127 23 füburbana
395 313 25 23 &
430 314 51 22 aliis
491 321 52 16 cum
555 314 98 26 flumine
666 319 228 25 communicantibus
906 329 66 23 aquıs
984 325 40 24 vix
1039 326 64 25 deci-

150 351 63 17 mum
229 351 115 24 quemgue
364 345 79 24 fanum
460 345 181 27 obfervaverim.
678 350 127 35 Quomodo
823 359 78 17 autem
919 354 23 24 in
961 363 84 19 cavum
1056 359 48 25 alvi

149 377 156 31 perveniant,,
323 377 110 32 ignorare
446 385 39 17 me
496 378 77 26 fateor
588 380 40 25 nifi
642 382 60 25 intra
719 383 96 31 pifeium
828 385 87 24 vifcera
930 387 106 31 generari
1047 399 56 17 con-

149 409 75 24 cedas.
259 410 37 23 An
316 409 157 32 perfodiendo
489 411 110 27 inteftina
610 432 8 12 ,
645 423 28 16 an
689 416 57 24 foris
763 425 41 23 per
821 419 96 23 cutem?
935 420 25 24 Id
974 420 72 26 addo:
1064 432 38 17 me

150 442 97 24 ineunte
258 442 85 25 aeftate
359 443 38 25 füb
413 444 144 32 epidermide
568 447 162 30 pifciculorum
742 450 61 25 albas
804 448 228 30 linearesmoleculas
1035 455 67 25 fae-

147 481 31 24 pe
190 475 191 26 numerofifimas
391 484 41 24 per
444 483 75 19 totum
532 480 187 31 corpusvidiffe,
736 489 59 24 quae
803 484 106 25 Taeniae
922 486 121 26 feminum
1054 488 47 25 efle

144 507 105 24 credidi.

181 540 59 24 Eam
255 540 23 25 in
300 542 65 31 aquis
381 542 98 32 reperiri
497 543 24 24 &
537 543 67 32 fupra
623 544 87 33 lapides
726 547 24 24 in
773 548 80 25 rivulis
873 550 147 33 frequentem
1040 553 59 30 efle,

146 572 197 26 Linnaeusrefert
352 575 70 23 Faun.
430 576 67 23 Suec.
511 583 68 23 1274.
598 577 52 31 Ego
661 586 56 16 vero
729 580 22 26 in
765 582 56 23 rivis
831 582 24 23 &
866 585 65 23 vadıs
943 585 38 24 ubi
995 585 107 25 Gaftero-

146 604 42 24 ftei
201 606 150 24 abundabant
362 615 30 15 eo
405 608 62 22 malo
477 609 81 29 aegri,
583 610 83 22 nullam
680 618 99 22 unquam
791 615 101 27 reperire
909 618 82 27 potui,
1008 626 45 15 nec
1065 626 34 16 ta-

146 642 54 16 men
217 642 83 17 contra
314 644 91 23 pugno,
419 644 52 16 cum
483 639 57 22 inde
554 639 63 23 forte
634 639 27 23 fit
672 642 62 29 quod
747 642 48 30 ipfo
810 651 27 16 ex
849 644 99 26 Aumine
964 648 34 23 uti
1010 649 90 27 dietum

146 666 33 25 eft
188 667 74 32 pifces
276 669 76 23 taenia
364 668 131 24 laborantes
508 677 115 25 nunguam
639 671 129 27 habuerim.

179 707 24 24 3.
223 700 98 25 Tarnıa
342 699 94 34 rugofa,
458 701 75 32 ofeulis
551 705 157 30 marginalibus
730 710 122 31 punötisque
872 711 165 28 unilateralibus
1041 714 56 33 foll-

149 735 73 22 tarıis.
956 769 6 4 .

178 766 109 26 Habitant
303 767 136 33 frequenter
450 769 22 25 in
485 778 85 23 percae
584 769 24 26 &
616 771 78 27 Efocis
706 773 56 26 lucii
777 776 124 30 inteflino,
918 780 101 24 maxime
1034 782 64 30 apud

144 798 106 26 femellas
261 818 7 12 ,
286 801 23 24 in
323 802 68 24 afello
403 803 62 30 pifce
482 802 195 33 frequentiflimae
695 814 29 17 ex
735 810 107 24 omnibus
850 812 173 29 äppendicibus
1038 821 57 23 pen-

144 831 63 24 dent.
243 834 109 23 Parvulas
367 835 23 22 in
408 843 100 16 cernuae
522 853 7 11 ,
552 836 93 24 leucifci
662 837 24 23 &
706 841 118 29 anguillae
841 842 201 27 inteflinis’etiam
1054 846 41 25 hic

145 863 24 23 in
180 864 82 30 Belgio
273 865 84 30 reperi.

175 894 74 31 Defer.
273 896 89 30 Corpus
381 896 94 25 niveum
489 916 7 10 ,
522 899 167 26 crafliufeulum
701 920 6 11 ,
735 901 200 34 femipellueidum
949 926 9 12 ,
985 910 108 32 planum,

142 926 144 30 fubulatum,
304 928 44 24 bafı
362 929 211 31 fubemarginatum
589 935 72 23 rarius
671 935 122 30 obtufum,
811 939 66 28 apice
889 940 150 27 fübfiliforme
1051 946 41 23 ob-

142 959 146 24 tufiufeulum
305 968 7 21 ;
334 960 23 24 in
376 968 68 24 rugas
462 961 115 26 obfoletas
592 965 141 25 transverfas
749 968 106 32 anguflas
866 974 110 28 partitum
988 992 7 11 ,
1013 977 79 24 verfus

142 992 91 32 apicem
247 993 94 25 latiores
353 992 200 35 diftin&lioresque
565 1004 7 20 ;
595 998 104 31 margine
716 999 165 28 obfolerifime
901 1005 125 31 undulato,
1044 1015 46 17 tur-

141 1025 88 29 gidulo.
266 1028 43 24 Per
323 1028 101 25 medium
445 1036 83 24 corpus
544 1028 58 25 ferie
619 1030 165 32 longicudinali
802 1040 126 20 oecurrunt
941 1037 68 31 nodi,
1027 1042 64 32 rugis

139 1055 94 32 fingulis
246 1059 94 32 finguli,
358 1061 146 25 transverfim
521 1062 99 33 oblongi
638 1063 97 32 turgidi,
755 1066 125 34 verfüsque
896 1070 92 31 apicem
1002 1080 88 18 evane-

139 1088 85 30 feunt;.
236 1090 23 23 in
273 1099 96 23 quorum
381 1094 78 24 medio
471 1096 83 24 nucleo
569 1097 28 23 ab
611 1097 72 23 alıero
699 1097 72 24 latere
784 1107 96 23 apparet
893 1103 104 25 olculum
1008 1106 14 23 f.
1030 1115 58 23 pun-

139 1120 61 25 &um
215 1121 46 23 alte
281 1124 128 31 depreffum
430 1125 137 27 fufcefeens.
602 1130 34 24 Ea
652 1128 84 33 pundta
749 1133 106 30 quamvis
866 1143 73 18 coeca
950 1137 139 32 videantur,

137 1154 77 24 ofeula
226 1160 78 18 tamen
318 1157 46 24 efle
376 1166 28 16 ex
420 1157 40 25 fitu
471 1159 25 25 &
509 1161 144 31 depreflione
662 1170 103 24 apparet.
801 1165 84 27 Ofcula
899 1170 135 31 marginalia
1046 1179 42 16 no-

136 1187 34 25 dis
183 1187 181 33 aequinumera,
383 1189 42 24 fitu
442 1191 87 26 alterna
540 1194 64 30 funt,
622 1196 36 24 vel
672 1196 71 24 etiam
758 1198 72 31 bina,
853 1208 82 21 terna,
953 1203 81 29 quina,
1052 1205 35 23 fe-

135 1228 30 17 na
181 1220 47 26 fine
248 1221 83 25 ordine
347 1222 124 26 fücceflive
490 1224 99 28 fecunda
603 1236 7 22 ;
633 1229 86 25 nodulo
739 1233 120 30 marginali
876 1233 81 31 flipata
974 1242 113 24 apparent

134 1254 155 32 inftrutaque
312 1253 115 34 papillulis
444 1258 120 24 conoideis
580 1262 81 23 varige
675 1264 184 28 magnicudinis,
876 1272 95 23 quarum
985 1268 101 31 majores

134 1286 136 26 obtufiores.
306 1289 20 24 A
343 1287 87 27 nodulo
445 1290 119 31 marginali
581 1300 91 24 opaco,
690 1295 139 25 canaliculus
840 1296 83 27 itidem
936 1306 86 25 opacus
1034 1302 51 25 füb-

133 1320 117 24 varicofus
262 1321 37 25 feu
313 1322 122 25 undularus
446 1321 28 24 ad
487 1324 102 25 medium
605 1327 106 24 nucleum
723 1326 80 31 ducit,
821 1327 23 26 &
857 1330 39 24 ubi
909 1333 79 25 taenia
999 1337 85 31 margi-

134 1358 41 18 nes
183 1354 98 30 corripit
292 1355 22 23 in
325 1357 14 22 $
350 1354 103 26 Romani
466 1356 95 24 modum
572 1358 134 26 infleitur.
740 1360 130 27 Subftantia
881 1364 133 34 globulofa,
1032 1377 52 16 ver-

133 1384 35 23 fus
179 1386 130 31 marginem
327 1389 102 23 maxime
445 1388 123 31 confpicua
579 1400 7 20 ;
608 1394 128 23 intertexta
752 1394 98 25 reticulo
862 1403 75 20 torum
949 1408 83 25 corpus
1043 1410 39 16 oc-

135 1423 102 23 Cupante
249 1420 85 23 areolis
341 1421 42 23 fub
400 1420 200 34 o&tangularibus,
618 1431 63 18 certe
691 1425 130 33 mu/culofa.'

135 1463 5 4 .
164 1448 69 32 Apex
250 1451 77 26 multis
343 1453 97 24 conicus
458 1453 101 31 definit,,
582 1457 107 32 :pluribus
708 1458 24 24 in
750 1460 95 33 longum
867 1462 65 26 filum
954 1466 106 23 educitur
1072 1483 9 11 ,

130 1482 64 31 quod
205 1484 71 25 rarius
288 1485 83 32 capitis
384 1486 98 32 quadam
494 1487 92 33 fpecie,
604 1490 38 25 fed
650 1491 38 57 vl
700 1493 97 26 articulo
811 1495 100 32 quodam
924 1498 63 31 rugis
999 1497 83 25 multo-

378 1537 4 4 .
694 1531 13 25 3
1035 1536 47 21 ties
