1184 1608
70 111 36 27 zn
203 101 418 34 DISSERTATIO
639 99 272 35 MEDICA

81 169 82 28 pareat
173 164 69 24 caufa
256 170 40 17 cur
306 161 64 24 filum
384 160 67 25 (imili
461 167 28 25 ac
504 160 116 30 religuum
637 166 84 23 corpus
739 157 111 24 ftrultura
868 158 106 31 gaudens
988 172 7 12 ,
1011 162 32 19 ex

76 198 100 31 .optimo
188 196 114 25 alimento
317 195 75 23 minus
404 193 115 24 crefceret
530 199 67 24 quam
614 190 101 25 extremi
732 189 93 24 articuli
840 190 28 24 ad
885 199 58 23 quos
960 188 84 26 ultimo

83 230 111 32 pervenit
209 228 94 32 chylus:
321 226 71 33 Sique
412 234 42 23 pro
472 224 138 25 excretoriis
629 223 117 25 canalibus
762 223 119 23 fumantur
899 223 85 24 oftiola
1000 220 43 26 ifta

84 262 138 30 numerofa,
240 259 122 34 quomodo
382 265 37 18 tat
436 257 151 26 emundtoriis
604 256 63 32 quod
684 260 142 20 excernatur
839 253 113 33 fupererit
966 263 13 16 a
992 262 51 25 par-

87 296 88 27 cifimo
187 295 113 24 alimento
318 301 41 23 per
373 292 65 25 filum
456 290 128 25 affuente?
602 290 110 31 Denique
727 296 53 18 cum
798 288 24 24 in
839 286 90 25 ficcatis
945 288 99 24 Taeniis

87 328 136 32 praefertim
246 326 90 32 vulgari
352 323 107 26 nennulli
476 322 78 32 pafüm
572 322 92 25 articuli
680 321 121 25 macilenti
820 319 25 25 &
861 319 125 33 glandulae
1005 320 40 23 vel

88 361 56 24 vafa
159 359 134 25 arbufculae
304 365 75 17 vacua
389 357 146 31 reperiantur
550 362 29 18 ex
592 354 119 25 obftruto
723 354 64 25 forte
799 353 96 30 oftiolo,
913 361 41 16 cur
969 353 25 24 hi
1009 352 35 23 in-

89 400 37 18 ter
135 394 61 24 bene
207 392 102 25 nutritos
320 390 72 25 medii
406 389 170 25 marcefcerent
588 387 17 24 fi
616 395 29 18 ex
657 395 46 17 uno
714 394 42 17 ore
767 387 172 24 nutrimentum
951 393 43 24 per
1010 390 37 18 to-

90 433 51 19 tum
153 433 84 24 corpus
248 424 104 25 flueret?
886 432 3 5 .

98 486 10 6 _
124 458 150 25 Valisnerius
290 465 26 16 os
336 455 200 25 cucurbitinorum
552 454 25 24 in
596 455 112 23 alterutra
726 452 153 24 extremitate
890 450 158 32 quaerendum

91 491 111 33 putavit,
220 490 54 32 quia
285 494 78 19 motus
377 495 80 17 eorum
468 485 91 25 horfum
573 486 92 31 femper
674 483 123 32 dirigatur.
822 483 132 30 Koenigius
970 489 79 17 autem

93 525 15 24 L.
127 532 20 17 e.
164 529 99 23 narrat,
281 521 23 25 fe
323 519 174 26 cucurbitinum
514 519 25 23 in
556 517 159 26 transverfum
735 522 132 26 reptantem
883 515 80 24 verfüs
985 514 66 25 laetis

93 557 117 32 guttulam
220 554 62 33 quafi
296 554 50 31 ejus
358 552 83 24 nidore
451 550 95 26 du&tum
562 550 96 29 vidiffe,
671 549 125 33 praefente
808 546 240 27 Herrenfchwandio.

94 588 104 27 Ernftius
210 589 23 24 in
247 586 169 26 Differtatione
427 585 30 25 de
469 584 93 25 Taenia
575 584 100 24 fecunda
682 581 94 26 Plateri
791 599 8 13 ,
816 580 79 25 oscula
912 580 140 25 alimentum

95 622 28 26 &
135 623 105 31 recipere
252 619 25 25 &
291 619 175 25 excrementitii
479 617 110 32 quicquid
604 615 95 33 fuperfit
719 624 42 23 per
777 615 83 25 eadem
876 613 82 29 reddi,
976 612 76 29 dieit,

95 656 76 32 iisque
184 654 59 26 adeo
254 654 39 23 ani
303 652 25 25 &
338 653 48 23 oris
400 650 103 26 oflicium
515 658 125 16 commune
656 649 88 25 tribuit.
767 648 46 25 Sed
825 648 40 24 vix
876 645 176 27 excrementitü

98 696 55 17 cum
174 688 114 24 alimento
306 685 99 25 multum
428 684 113 24 reforberi
559 683 141 24 crediderim
718 700 7 12 ,
752 681 109 33 exemplo
876 687 115 17 venarum
1007 677 46 25 fas-

98 722 75 25 ciolae
183 728 60 24 quae
260 727 91 17 merum
368 717 94 32 chylum
479 715 190 32 vel.puriffimam
679 715 73 24 bilem
767 713 139 25 animalculo
922 711 85 25 afferre
1018 711 36 24 vi-

97 754 100 29 dentur;
213 760 54 16 cum
281 752 93 29 infuper
384 749 49 31 ipfe
448 749 64 24 dicat
521 748 103 24 Ernftius
640 748 21 31 $.
673 751 22 23 3.
714 755 29 17 ex
757 747 106 23 Taeniae
874 745 65 32 poris
951 745 104 31 chylum,

100 788 74 24 ferum
189 783 26 25 &
229 783 119 31 Iympham
360 782 82 22 fluere.
556 786 4 4 .

134 817 107 24 Taeniae
259 814 68 32 hujus
344 811 93 26 noftrae
451 808 113 34 poftremi
583 808 91 25 articuli
698 807 81 26 fenfim
799 806 61 33 quafi
875 808 160 24 maturefcunt
1049 826 8 11 ,

99 846 100 37 tumque
223 847 112 27 laxifümo
357 853 62 18 nexu
443 844 128 38 cohaerent
590 841 26 26 &
634 841 99 26 minima
757 841 26 25 vi
800 841 140 33 feparantur.
991 841 65 25 Hinc

102 884 129 34 praecipue
242 882 72 24 certis
325 881 54 24 anni
391 879 161 31 temporibus,
570 884 75 17 verno
655 875 24 26 &
691 876 128 25 autumnali
833 881 26 19 ut
870 875 94 25 notavit
977 874 81 32 König

102 919 16 24 1.
137 925 21 17 c.
175 917 63 24 intra
249 913 155 33 inteftinalem
416 913 82 24 tubum
508 918 13 16 a
538 917 99 25 corpore
648 911 106 24 Taeniae
772 908 111 26 fecedunt
902 908 91 25 articuli
1008 914 50 17 ma-

103 951 65 28 turi,
186 947 136 25 cucurbitae
341 946 82 24 femini
444 944 99 27 fimiles,
560 942 25 25 &
601 943 51 23 vivi
666 943 136 30 plerumque
819 942 54 23 aluo
883 946 174 22 excernuntur,

102 983 113 31 vel,cum
227 979 159 26 exerementis
398 978 33 23 uti
444 978 66 30 faepe
522 976 22 23 in
558 976 97 23 canibus
666 975 123 28 videmus,
799 974 37 24 vel
853 973 41 25 foli
907 980 70 23 atque
990 972 68 30 fpon-

106 1022 26 19 te
144 1016 80 31 ut.jam
236 1013 94 26 natavit
340 1011 123 32 Serapion.
486 1008 77 31 Hujus
574 1007 132 30 exemplum
718 1007 102 33 habetur
831 1006 30 33 in
867 1004 70 35 Mife.
944 1009 47 17 nat.
1002 1003 54 23 Cur.

107 1049 33 25 D.
156 1049 29 22 U.
204 1050 29 20 A.
245 1046 57 24 VII
315 1045 46 24 obf
376 1046 55 28 256.
448 1043 109 29 idemque
567 1040 113 32 ‚Clericus
698 1038 23 23 in
740 1036 83 24 ancilla
837 1035 62 24 vidit
916 1043 24 24 p.
954 1042 54 25 203.
1026 1042 34 18 at-

109 1088 46 25 que
169 1080 25 23 in
209 1079 51 24 viro
276 1078 104 24 Bianchi.
416 1076 54 24 Nec
485 1074 84 23 mirum
582 1080 6 20 ;
608 1071 101 24 taeniam
729 1068 111 33 fiquidem
862 1068 72 32 ipfam
950 1087 9 13 ,
976 1070 84 31 fponte

110 1112 98 28 jubinde
218 1111 109 30 prodire,
344 1109 99 24 afferere
454 1107 96 23 videtur
562 1105 69 33 Pater
647 1103 61 23 Cous
726 1104 27 21 L.
767 1101 46 23 1V.
832 1101 28 24 de
873 1103 96 24 morbis.
987 1102 76 29 Idem,

110 1147 41 26 ubi
162 1144 91 25 taeniae
264 1149 51 23 pars
330 1142 96 30 abrepta
442 1139 72 24 fuerit
526 1136 64 36 figna
600 1135 39 24 diu
652 1142 45 17 non
710 1133 95 33 prodire
818 1134 71 26 docet
900 1144 7 21 ;
923 1142 58 17 tunc
994 1142 65 17 nem-

109 1189 32 24 pe
154 1176 86 27 maturi
251 1173 113 25 deficiunt
380 1172 110 28 articuli,
505 1176 42 30 qui
563 1176 13 16 a
592 1167 71 38 ftirpe
676 1169 102 24 anımata
794 1167 103 26 defluere
911 1168 103 32 poflint,
1032 1174 30 17 eo

110 1212 72 27 modo
200 1209 51 34 quo‘
263 1207 97 32 Hydrae
381 1205 38 24 feu
431 1204 80 31 Polypi
530 1209 141 29 propagines
683 1210 13 16 a
711 1208 108 18 materno
831 1209 106 23 corpore.
973 1200 91 24 Taenia

112 1247 64 24 enim
193 1242 78 27 bulbis
284 1238 62 35 quafi
364 1236 130 33 compofita
505 1233 46 38 efle
563 1234 93 25 videtur
666 1236 38 31 qui
715 1236 85 24 maturi
813 1235 70 23 etiam
899 1233 48 23 fine
960 1232 24 24 vi
999 1232 65 31 fepa-

105 1284 105 23 zantur;
234 1274 26 24 &
282 1272 165 35 propagandae
466 1273 85 27 Ipeciei
568 1267 102 24 ferviunt
686 1285 8 12 ,
713 1269 36 23 vel
772 1265 154 32 germinando
949 1265 23 23 in
990 1273 74 16 novas

114 1310 94 30 ftirpes,
225 1307 39 24 ve
275 1307 77 23 femen
368 1303 94 26 forfitan
476 1300 173 36 praeparando,
665 1301 50 23 vivi
727 1298 62 34 quafi
801 1296 94 25 fruftus.
920 1297 87 26 Suader
1018 1298 47 24 hoc

114 1341 99 30 analoga
222 1346 36 17 tot
273 1339 178 30 Zoophytorum
462 1332 167 31 multiplicatio
640 1332 26 26 &
675 1332 121 32 fingularia
811 1330 115 31 quaedam
943 1337 81 18 notata
1038 1332 26 23 in

114 1373 94 27 Taenia
219 1372 85 24 canina
319 1371 96 24 inferius
429 1365 161 27 deftribenda.
624 1364 157 28 Cucurbitini,
795 1364 109 24 Taeniae
916 1364 103 25 articulis
1029 1364 35 24 ul-

113 1407 66 27 timis
195 1404 83 24 exatte
293 1403 82 24 fimiles
385 1409 73 23 aquae
472 1398 90 26 ımmifli
574 1399 150 24 validifimos
742 1402 77 27 motus
835 1397 72 25 edunt
918 1416 8 12 ,
943 1398 122 24 undulato-

114 1442 48 25 rios
172 1437 26 26 &
210 1436 183 26 conıradtorios,
410 1434 134 31 figurasque
562 1431 133 25 innumeras
714 1429 121 25 aflumunt.
868 1431 98 24 Nomen
986 1437 81 17 tamen

113 1483 14 17 a
138 1468 162 31 naturalifima
313 1475 44 24 qua
368 1469 71 22 etiam
453 1464 49 34 poft
521 1470 102 18 mortem
639 1459 113 36 &pparent
767 1480 8 12 ,
793 1462 132 25 fortiuntur.
960 1463 107 24 Arabum

111 1508 203 25 commentatores
325 1499 24 26 &
360 1501 42 23 hos
416 1497 72 27 fecuti
500 1497 67 32 plures
569 1497 60 25 alii
640 1496 113 26 afcarides
764 1492 124 29 vocarunt.
923 1496 37 25 Eo
973 1495 96 25 nomine

999 1527 62 34 apud
